2784 4625
556 323 758 360 m

557 359 757 378 ²-·-···
897 340 1200 418 '‘mtar

245 503 271 550 “
282 489 397 605 Quid
419 488 573 607 igitur?
609 515 714 579 nom
738 516 884 578 omnes
911 489 1034 582 hodie
1067 495 1188 583 Chri·

140 607 238 700 hiani
270 608 543 697 schismatibus
580 612 687 693 inter
722 604 760 693 se
797 606 928 708 divisi,
973 615 1184 704 teterrimo

140 725 347 818 schismatis
370 725 529 808 crimini
552 720 643 807 sunt
664 719 860 808 obnoxii?
907 722 1057 920 Nepue
1074 731 1185 811 enim

140 838 358 928 Orientales
374 836 416 923 S.
437 833 693 922 Eucharistiae
710 838 926 946 participes
942 839 978 918 es
996 865 1017 918 e
1032 837 1184 925 ‘volunt

140 981 207 1040 hoa
221 980 321 1039 cuna
331 948 661 1068 Opcidentalibus
674 977 694 1061 3¹
712 950 813 1035 &hi
831 948 901 1059 ipst
920 954 961 1032 in
982 974 1061 1035 tras
1073 980 1182 1065 mag·

140 1095 195 1153 nas
220 1090 357 1178 partes
379 1062 547 1148 distrahit
575 1066 999 1149 Communiooem-in·
1020 1064 1183 1177 fingulis

140 1179 288 1266 seorsim
303 1180 365 1263 aiii
383 1176 433 1262 ab
446 1177 531 1262 aliis
551 1174 733 1289 separati,
761 1178 804 1264 δι
825 1178 910 1263 stne
926 1178 1184 1292 reliquorum

140 1296 328 1380 consortio
345 1290 597 1391 celebrant„

237 1451 538 1566 “Respondeat
578 1447 845 1538 schismaticus
870 1447 1000 1541 stricte
1024 1452 1066 1542 δε
1090 1477 1183 1568 pro·

140 1571 211 1679 prie
237 1564 296 1654 est
315 1543 405 1670 isse,
436 1572 506 1682 qui
530 1563 724 1651 schismati
744 1564 901 1652 causam
923 1568 1089 1680 praebet,
1113 1591 1183 1655 aot

140 1677 383 1783 fomentum,
428 1685 500 1794 qni
529 1678 679 1765 aboleri
707 1703 789 1766 non
816 1679 1029 1785 desiderat,
1067 1708 1182 1768 aota

140 1798 343 1905 pertinacia
363 1793 428 1879 sua
463 1795 696 1897 ambitione,
725 1793 790 1879 vel
805 1795 1183 1907 emolumentorum

140 1910 362 2109 cupiditpte,
388 1916 591 2084 'remoram
610 1910 653 1997 δι
672 1906 977 2021 impedimenta,
1002 1935 1053 1996 ne
1071 1907 1183 1999 tolla·

141 2043 211 2125 tur,
237 2049 264 2109 0
298 2044 436 2134 jacin„

236 2191 415 2298 “Absrt,
452 2192 570 2300 abfit,
605 2219 654 2283 ut
677 2197 898 2314 quisquam
921 2198 1106 2308 nostrum
1130 2223 1181 2283 eo
1227 2211 1230 2219 '

140 2305 365 2400 hammo..
396 2307 479 2410 Qui
507 2317 693 2425 primitus
711 2308 915 2398 schismata
930 2314 1106 2423 operati,
1135 2332 1183 2396 ut

140 2430 313 2541 oquitur
328 2428 529 2528 irenaeuS,
560 2426 639 2512 sive
657 2429 885 2529 excitarint,
907 2425 1029 2512 hodie
1045 2420 1182 2532 snper·

140 2536 216 2629 'ant
235 2539 349 2633 nulli.
407 2538 597 2628 Dubium
614 2565 753 2627 autem
779 2541 954 2642 nonest,
982 2544 1052 2654 qui
1069 2535 1183 2627 fove·

141 2682 219 2759 nt,
262 2655 401 2756 aiant,
443 2651 509 2740 ves
532 2659 654 2741 etiam
682 2678 887 2768 augeant,
925 2653 1063 2762 plures
1089 2649 1181 2753 esse,

140 2796 253 2880 joam
275 2765 322 2852 sit
341 2792 424 2851 ere
446 2768 683 2855 Christiana.
743 2770 903 2860 Sociam
921 2767 988 2853 hic
1011 2793 1182 2878 operam

140 2907 324 2995 angere,
346 2880 488 2966 horret
506 2885 638 2967 anima
655 2905 758 2967 mea.
796 2882 913 2968 Malo
930 2872 1063 2967 facere
1081 2906 1181 2971 cum

141 3025 185 3102 a,
221 2998 297 3109 qui
316 2994 477 3090 dolent,
518 2993 719 3081 schismata
743 2991 821 3079 esse
845 2992 969 3095 sosia,
1008 2999 1081 3106 qui
1108 2996 1181 3080 rni-

140 3116 214 3213 tri,
238 3107 304 3213 yos
328 3113 466 3221 potius
482 3108 600 3219 plane
617 3109 704 3194 tolli
721 3109 916 3196 omnibus
941 3114 1046 3194 votis
1062 3133 1183 3218 expc-

140 3250 232 3315 ont,
256 3250 425 3309 omnem
442 3222 523 3308 hoc
544 3219 624 3309 fine
640 3221 817 3334 lapident
836 3246 1019 3324 movere,
1034 3244 1181 3307 omncs

140 3342 216 3423 tias
230 3337 273 3421 &
287 3337 473 3423 honestas
490 3340 664 3422 rationes
686 3361 768 3427 uoa
786 3365 885 3423 cum
900 3335 1180 3425 moderatione

140 3447 419 3537 'undamentali
445 3446 537 3535 fidei
562 3452 647 3537 non
663 3446 847 3554 adversa,
872 3450 1088 3537 admittere
1111 3474 1178 3560 pa·

140 3569 214 3654 ati.
272 3565 349 3662 Hi,
377 3563 527 3650 etiamst
548 3568 647 3649 citra
673 3560 782 3649 suam
804 3563 985 3677 cuipam,
1023 3588 1180 3674 tempo·

140 3705 223 3765 mm
243 3677 453 3779 videlicet,
493 3675 535 3764 8t
565 3675 749 3775 nascendi
775 3672 879 3763 sorte
903 3682 943 3763 in
972 3673 1179 3787 separatio·

140 3814 244 3894 tem,
276 3818 403 3906 qnam
430 3786 552 3881 hodic
578 3795 729 3878 evitare
754 3794 1179 3906 nem'opotest,·con·

140 3898 234 4016 iteri,
264 3909 307 3991 in
324 3899 526 3996 schismate
542 3904 702 4022 degant,
732 3911 1051 4025 proprietatnm
1068 3893 1179 3989 schis-

183 4012 441 4135 optma,
648 4048 650 4053 ·
739 4040 763 4106 c
989 4016 1144 4127 matics—
