2784 4625
480 377 482 385 ·
569 316 772 368 m·
824 403 828 410 .
1102 341 1210 421 auu.

111 591 114 596 ¹
141 433 269 592 nescio
305 484 426 594 cujus
456 484 591 598 gentis
613 447 863 572 Allemannae
887 479 1107 587 diabatae,
1129 483 1198 574 vel
1231 489 1235 504 '

143 606 234 720 quis
253 601 403 702 homo,
434 595 732 712 quisae.casus‚
760 595 884 684 dedit.

95 723 98 784 l
221 716 340 804 Dum
356 716 453 827 equi
541 710 658 828 quod
674 708 834 825 semper
852 709 918 795 hic
935 709 1021 798 lieri
1039 708 1138 810 solet

95 857 97 870 ·
141 828 401 929 reficiuntur,
415 820 641 926 =foeminam
665 845 797 938 grace
818 824 939 926 adeo,
978 827 1202 922 arabice&

95 941 103 1028 .“
141 944 258 1038 latine
281 939 466 1043 dodlam,
502 938 700 1026 illustrem
725 938 929 1027 Reiskiam
954 937 1203 1032 salutandam
1290 1035 1293 1046 ,

140 1052 307 1144 accedo.
363 1054 593 1141 Rusticatur
609 1051 676 1138 illa
688 1056 738 1160 in
755 1052 930 1166 praedio,
960 1053 1075 1165 quod
1092 1071 1209 1170 pago

140 1170 312 1281 adjacet,
342 1166 385 1278 dr
409 1165 790 1256 Brunosuicensrum
814 1167 923 1254 Duci
949 1164 1114 1255 censum
1132 1169 1200 1256 an·

144 1310 279 1372 nuum
304 1308 357 1367 ex
380 1279 569 1366 condicio
594 1280 731 1384 solvit,
766 1307 964 1367 unacum
987 1280 1205 1395 generoso,
1287 1285 1289 1290 ’

144 1397 215 1488 suo
233 1393 444 1512 quondam
463 1394 647 1496 alumno,
678 1398 818 1505 equite
833 1392 990 1496 saxone,
1019 1394 1206 1511 AEgidio,

95 1537 97 1542 ·
143 1531 229 1600 non
247 1513 387 1598 minus
406 1538 427 1596 a
444 1506 600 1620 scriptis
616 1508 737 1607 claro,
763 1510 836 1621 qui
852 1508 1011 1596 filialem
1027 1509 1082 1596 illi
1097 1535 1206 1597 amo

143 1653 255 1725 rem,
286 1626 617 1736 &reverentiam
634 1623 863 1732 profitetur.
904 1695 909 1720 ,

100 1761 103 1766 ·
225 1728 229 1735 ’
262 1738 404 1824 Notus
431 1735 537 1842 tibi,
557 1738 685 1823 amice
711 1734 900 1839 Boenike,
929 1730 1105 1825 foeminae
1129 1713 1208 1831 hu·¹

144 1852 211 1965 jus
233 1855 277 1935 in
298 1854 490 1936 maritum
511 1847 650 1952 amor,
686 1876 773 1962 quo
795 1848 902 1950 acia,
941 1845 988 1935 rit
1040 1878 1139 1939 raeca
1162 1857 1207 1946 81

144 1967 305 2056 arabica
321 1962 608 2059 lucubrantem
625 1962 805 2071 juvaret,
832 1963 939 2050 hisce
956 1963 993 2050 sc
1008 1880 1149 2054 fitteris
1163 2011 1209 2034 ···

146 2107 287 2168 rarum
304 2073 813 2190 profedloexemplumw
829 2077 1078 2169 addiscendis
1095 2107 1207 2169 man·

143 2196 312 2307 cipavit,
344 2190 666 2292 obsecundante,
695 2216 743 2278 ut
762 2190 879 2295 solet,
906 2220 1070 2296 amore,
1100 2199 1210 2308 opu's

149 2335 307 2426 grave,
327 2306 370 2395 81
388 2303 608 2401 insolitum.
1305 2335 1306 2339 ¹

264 2419 392 2520 Quod
417 2443 632 2532 nunquam
656 2414 751 2501 alias
766 2415 944 2527 probo,
997 2412 1212 2513 foeminam

149 2535 261 2641 ultra.
281 2535 399 2621 sexus
424 2533 481 2618 sui
506 2532 785 2631 conditionem
812 2529 919 2618 velle
941 2529 1095 2644 sapere:
1139 2560 1211 2624 aur

95 2704 99 2765 t
151 2674 467 2762 quemcunque,
497 2651 636 2733 virum
654 2647 797 2748 etiam,
820 2649 909 2732 ¹vias
926 2646 1098 2760 ingredi,
1127 2674 1217 2749 non

95 2770 108 2895 ξ
134 2762 222 2851 'fibi
251 2787 460 2858 enatura,
498 2761 541 2846 dr
564 2757 819 2873 providentia
841 2759 1036 2871 signatas,
1065 2763 1215 2855 hocin

111 2902 114 2907 ·
149 2875 312 2985 Reiskia
332 2875 374 2960 dr
398 2873 618 2961 admiratus
636 2872 754 2972 'sunm
781 2872 825 2959 dr
845 2873 1035 2984 probavi,
1057 2881 1216 2992 quippe

150 2989 379 3102 conjugalis
410 2991 454 3073 in
489 2991 682 3074 maritum
714 2988 872 3098 pietatis
903 3012 1027 3099 opus.
1092 2993 1219 3087 Adeo,

183 3103 323 3193 uidetn
340 3102 383 3187 dr
400 3102 622 3188 admiratus
646 3099 767 3202 suin,
787 3100 829 3188 81
846 3101 1017 3213 probavi
1044 3131 1218 3218 genero·
1289 3196 1291 3201 ,

95 3268 101 3301 ι.
152 3132 244 3304 (llum
269 3215 410 3323 ausum
437 3213 646 3314 foeminae,
699 3237 747 3301 ut
772 3212 922 3301 illustre
947 3216 1036 3327 ejus
1061 3244 1221 3312 nomen

96 3400 102 3407 .
159 3332 239 3417 aliis
266 3326 485 3441 splendidis
505 3332 660 3442 orignis
677 3326 891 3417 theodisca
909 3331 1146 3419 nominibus
1162 3337 1220 3423 in·

157 3445 367 3555 seruerim,
391 3469 574 3558 quorum
590 3441 812 3528 elenchum
829 3442 1022 3558 aliquem,
1032 3463 1147 3533 'aenea
1164 3472 1219 3535 ta·
1251 3438 1256 3457 '

156 3559 255 3647 bula
282 3557 487 3666 juventuti
513 3562 648 3670 patriae
678 3560 722 3646 in
755 3553 931 3670 publicis
966 3557 1111 3648 scholis
1140 3565 1221 3651 atti

208 3671 362 3783 apbicae
385 3672 664 3777 incumbenti,
689 3667 907 3783 proposui,
947 3696 994 3762 ut
1011 3677 1224 3789 exemplar

139 3701 353 3893 {berem
383 3783 500 3901 quod
519 3784 676 3874 calamo
694 3787 933 3883 inritaretur.

794 3956 797 3963 .
1201 3942 1227 4017 q

1110 4012 1170 4105 Ea
1214 4061 1217 4067 ·
