2784 4625
509 283 511 288 ⁵
543 307 857 390 Annornnronrr

258 479 295 539 ιιι
321 473 441 552 Julirno
461 470 672 543 obrepserant,
693 486 784 553 atquo
806 486 894 532 omne
917 469 1011 544 illul,
1032 470 1123 548 quod
1146 467 1189 529 rh
1209 476 1249 528 eo

257 563 505 632 impetraverant,
530 557 616 616 melle
636 556 748 619 rrtihnr
770 558 1008 632 impetraverant.
1047 551 1143 613 Putet
1167 551 1246 611 haotl

259 641 384 703 absurde
408 639 553 698 Batoniur
572 637 819 720 Donatistarum,
855 637 886 700 it
907 638 1081 699 nominatim
1106 634 1248 696 Petiliani

255 721 439 798 Donatistae,
470 720 622 797 epistolam
644 719 704 782 slve
727 720 904 783 inreiilvrm
920 720 950 780 in
968 718 1153 781 catholicoe
1177 718 1249 779 huic

208 833 229 890 '.
262 806 469 871 constitutioni
493 803 679 866 orcrfione'n
696 804 823 865 dedisse:
856 821 939 880 quae,
958 817 992 865 ut
1010 802 1106 863 docet
1115 797 1250 877 'liugom

259 893 396 966 pluribur
414 889 513 958 loolr,
541 889 734 956 exprobravit
752 887 937 963 Catholicis,
958 885 1044 966 quod
1061 899 1078 945 ι
1098 883 1251 955 Principi-

260 979 320 1038 but
337 969 478 1032 adversor
491 969 519 1032 se
536 969 611 1039 saepe
627 969 799 1043 expetlsent
814 968 970 1047 nunillumt
991 973 1084 1044 'etque
1101 967 1187 1029 inter
1204 981 1251 1027 cc·

213 1109 224 1136 ,
262 1073 326 1122 tert
337 1057 401 1117 lirae
414 1058 445 1115 in
461 1070 524 1115 eam
540 1053 712 1115 sententiam
729 1057 861 1116 dixeratt
895 1050 980 1136 Quis
996 1065 1094 1111 armet
1113 1044 1250 1123 orbisest

262 1158 325 1203 eum
345 1182 353 1203 .
371 1179 380 1198 .
398 1180 408 1200 .
421 1134 537 1216 Jircalr',
557 1154 625 1214 quor
645 1155 789 1218 nunquam
814 1135 1033 1212 Christicolum
1062 1129 1251 1207 relsst'rr'oidor

257 1219 347 1307 senstr
364 1221 422 1288 &n
462 1219 525 1279 Ηιι
547 1217 847 1298 scilicetinveciivtt
867 1222 914 1284 ad.
927 1235 1011 1280 auter
1026 1217 1167 1280 Honoris
1186 1234 1250 1290 per·

231 1313 234 1320 '
264 1303 376 1367 venisse
390 1319 443 1373 per
459 1304 587 1380 largatos
607 1304 767 1367 Africanos
783 1304 821 1362 A.
840 1316 912 1384 399,
936 1303 987 1363 vel
1009 1300 1106 1373 ipsum
1126 1301 1250 1361 uomui-

265 1409 315 1453 um
326 1384 521 1448 Calamensenr
537 1385 731 1456 Episcopum:
755 1383 923 1447 Honorlu'rn
939 1386 986 1445 hio
1002 1398 1206 1454 commotum,
1222 1384 1249 1447 in
1290 1429 1294 1440 ,

267 1487 369 1531 eorum
385 1468 602 1530 Donatistarum
616 1471 828 1541 opprobrium,
850 1470 1016 1543 procaciam
1029 1482 1137 1527 eorum
1151 1464 1249 1525 efferri

266 1551 414 1625 voluill'e,
435 1568 493 1630 quc
506 1550 651 1625 ipsosmet
665 1573 680 1613 a
698 1554 818 1633 Julieno
831 1551 905 1624 lmp.
922 1550 1026 1627 Apoll.
1057 1548 1250 1624 Rescriptum

266 1638 329 1700 srve
344 1635 503 1708 auxillum,
531 1636 694 1706 impetrasse
711 1633 920 1699 innotesceret.
959 1633 1095 1695 Fortassis
1116 1630 1151 1694 ἀ
1170 1630 1249 1693 'illuri

266 1733 354 1796 putet
370 1720 437 1793 quir
449 1718 624 1781 Domitillae·
638 1721 809 1795 ‹le'legibuo
828 1721 863 1779 rb
881 1719 1021 1788 ,Honorio
1042 1715 1117 1789 imp,
1146 1715 1248 1774 adver·

267 1805 316 1868 sua
334 1804 365 1863 se
377 1803 446 1862 letio
463 1817 640 1877 querentes,
663 1803 773 1879 Juliani
793 1801 899 1861 fanon
911 1800 1027 1875 jactare
1046 1798 1248 1873 exprobrandi

269 1883 390 1956 enimn,
426 1884 503 1962 quafi
526 1887 624 1950 minut
643 1887 791 1961 equitatio
815 1883 845 1958 ,δι
869 1884 943 1957 iurla
964 1881 1127 1945 Christiani
1154 1879 1210 1954 ipsr
1236 1894 1249 1937 ι

270 1969 440 2031 Christiano
467 1966 605 2039 Principe
631 1968 762 2041 ferrent,
798 1985 883 2043 quam
910 1966 1048 2042 agentlli
1076 1966 1155 2037 lmp.
1184 1965 1250 2037 olim

269 2055 416 2122 tulerant,
436 2049 595 2112 Christiani
610 2053 744 2126 alioquin
762 2055 891 2113 nomlnlt
910 2050 1007 2111 osone.
1040 2047 1146 2126 Quone
1163 2046 1251 2109 villum

178 2203 180 2208 ,
270 2135 432 2205 Honorio,
452 2134 635 2208 Rescriptum
651 2136 761 2214 Juliani
782 2150 847 2195 com
868 2134 1009 2206 pretioue
1029 2130 1250 2192 Donatistarum

274 2219 397 2291 publice
417 2217 555 2276 omnibut
576 2220 728 2290 proponi,
753 2231 788 2277 ut
809 2222 850 2277 ita
868 2218 1014 2281 sciretur,
1036 2229 1124 2291 quam
1156 2214 1254 2282 bonir,

274 2304 336 2362 imo
352 2301 461 2361 fucatis
480 2302 592 2361 artibus
612 2302 646 2360 itl
667 2301 829 2363 Donatistae
844 2296 1062 2372 inperrrsent,
1087 2297 1154 2356 imo
1174 2312 1255 2373 qurm

274 2384 428 2456 desperata
449 2381 479 2443 δι
497 2384 596 2446 fucata
616 2386 739 2458 perfidia
764 2401 865 2447 eorum
884 2384 986 2446 suerit.
1041 2381 1140 2458 Quam
1171 2387 1259 2443 inter·

273 2471 473 2541 pretationem
493 2469 598 2544 juvare
614 2469 737 2529 videtur
755 2470 837 2543 quod
861 2467 1043 2543 Augustinua
1061 2463 1173 2524 scribit
1199 2479 1256 2524 tum

273 2550 383 2624 palium,
405 2563 467 2610 tum
483 2552 504 2612 l.
524 2566 549 2609 ιι
563 2555 630 2610 adv.
654 2550 872 2612 parmenianum
890 2566 955 2619 cap.
976 2561 1005 2620 7.
1034 2545 1153 2607 Contra
1174 2562 1257 2622 quam

246 2629 248 2633 ’
275 2637 342 2694 aliie
368 2633 458 2708 longe
480 2636 613 2699 artibus,
634 2651 703 2699 puta
724 2633 881 2693 catholica
896 2632 1097 2700 confidentia,
1118 2629 1258 2690 Catholi-

276 2732 381 2778 corum
398 2717 560 2776 constantia
585 2716 709 2773 stabilita
727 2717 834 2784 fuerit,
864 2732 940 2792 quoa
956 2729 990 2773 ut
1009 2716 1196 2789 anteritate,
1222 2715 1258 2773 ita

277 2797 308 2858 ia
324 2797 488 2858 sinceritate
502 2798 577 2856 nihil
596 2798 752 2857 dimovere
769 2815 896 2874 unquam
915 2797 1061 2866 voluerim
1085 2799 1172 2870 quod
1196 2796 1259 2855 stne

279 2901 318 2942 ex
336 2877 445 2962 Juliani
464 2896 632 2950 temporum
647 2883 768 2941 historin
781 2885 886 2958 liquet.
928 2879 1085 2959 Quidquid
1104 2878 1199 2951 hujus
1218 2877 1261 2952 st,

245 3008 250 3021 .
276 2983 311 3026 ur
330 2964 484 3030 omittam,
521 2965 604 3039 quod
626 2967 804 3039 Augustinus
835 2965 956 3025 testatur
982 2966 1019 3023 de
1039 2961 1121 3020 Acila
1145 2962 1260 3021 Collat.

278 3047 420 3122 cntmg.
438 3049 544 3122 quaein
563 3049 704 3108 Ecclefiir
719 3049 871 3119 Africanir
883 3049 1005 3117 publice
1021 3044 1261 3123 Quadragesrme

276 3146 414 3202 tempore
438 3132 640 3190 recitarirnon
663 3131 738 3204 fuit,
769 3132 791 3190 l.
816 3131 850 3188 de
863 3128 948 3210 gellis
962 3143 1024 3187 carn
1041 3124 1195 3186 Emetitur
1228 3139 1262 3184 ut
1298 3176 1299 3181 ,

279 3217 430 3283 omittam,
458 3217 540 3289 quod
560 3218 637 3273 idem
655 3214 809 3275 Honorum
831 3217 852 3279 l.
875 3226 923 3288 55.
942 3213 1042 3275 voluit
1057 3212 1163 3271 eadem
1183 3208 1262 3285 geste

278 3301 310 3361 iu
339 3300 457 3368 publice
482 3310 671 3358 monumenta
698 3301 816 3370 relata,
845 3299 932 3358 etirm
955 3310 1074 3356 mortuo
1099 3297 1264 3367 cognitore

276 3381 477 3449 Marcellino,
513 3374 662 3453 perpetem
691 3383 801 3442 habere
828 3381 1005 3441 firmitatem.
1042 3377 1157 3436 'Simili
1182 3389 1266 3434 certe

213 3466 215 3470 ’
277 3464 379 3533 polleo
397 3465 531 3536 exemplo
548 3466 586 3521 A.
606 3465 644 3522 D.
660 3479 732 3539 412.
751 3468 782 3521 lit
800 3465 996 3523 Marcellinus
1016 3461 1075 3520 ror
1091 3459 1128 3519 de
1143 3460 1266 3519 sceleri·

277 3547 333 3602 hur
352 3544 568 3607 Donatistarum
601 3546 667 3615 post
687 3547 800 3608 collat.
825 3544 966 3620 carthag.
987 3545 1107 3618 publice
1127 3541 1265 3615 proponi

277 3633 376 3686 voluit
391 3631 421 3689 iu
435 3628 668 3702 Theoproprir,
701 3645 762 3704 quo
785 3629 947 3703 frequens,
967 3643 1001 3689 ut
1019 3628 1166 3690 videtur,
1189 3627 1266 3685 mul·

153 3789 155 3793 Ι
277 3713 375 3768 titudo
392 3711 582 3781 confluebat,
603 3712 806 3772 velutlocum
822 3711 1003 3788 Carthagine
1023 3707 1266 3779 celeberrimum,

275 3793 440 3866 eademque
469 3796 648 3873 Augustique
670 3811 726 3872 per
747 3796 908 3859 Ecclesiam
927 3796 1049 3859 recitari
1072 3789 1269 3855 desideravit.

280 3869 494 3954 Gotlofrtdrtr.
597 3912 600 3917 ·

1034 4020 1037 4025 ⁸
1123 4062 1230 4137 conr,
