2784 4625
138 491 253 588 viros
270 490 465 582 convivas
480 484 627 604 habui3
659 511 709 606 ut
724 481 850 577 fuerit
867 486 966 579 ficut
982 489 1114 606 palato
1132 521 1204 610 op·

139 619 354 727 piperum,
391 605 443 691 fic
465 611 593 690 menri
609 632 781 719 quoque
802 605 844 690 ἃ
867 611 1005 692 animo
1031 611 1088 695 ob
1115 637 1204 726 gra·

137 727 314 838 vidimus
344 723 443 805 varii
474 724 632 834 generis
657 720 1029 827 sermocinationes,
1055 724 1211 835 jucun-³

139 840 244 930 dum
260 837 304 923 &
323 835 438 922 utile.
581 915 586 927 ,
1192 887 1196 896 -

263 951 370 1038 Mite
396 946 543 1035 dicunt
565 943 605 1031 in
624 939 858 1034 electoraies
876 942 1063 1037 subditos
1079 953 1205 1069 impe·

139 1071 254 1159 rium
273 1068 479 1173 exerceri3
506 1060 549 1145 id
582 1087 633 1146 ne
649 1065 757 1145 inter
771 1061 844 1150 alia
860 1064 927 1148 vei
947 1081 999 1150 ex
1021 1067 1101 1152 hoc
1119 1069 1212 1155 solo*

138 1203 362 1295 apparere,
404 1173 523 1291 quod
552 1088 777 1261 {cocorum
816 1180 939 1290 quis,
990 1177 1122 1266 nescio
1152 1185 1206 1281 an

139 1316 249 1413 quot
275 1294 416 1385 aunis,¹
459 1315 512 1376 an
538 1313 648 1376 cerro
672 1313 877 1375 annorum
907 1292 1033 1404 spatio
1059 1294 1215 1407 elapso,

140 1409 373 1526 provincias
390 1403 525 1505 obeat,
557 1402 601 1488 dr
618 1403 844 1515 oppidatim
861 1407 1039 1521 indaget,
1066 1409 1205 1522 iiquis,

141 1548 232 1641 quo
246 1541 456 1637 gravetur,
479 1515 651 1603 habeat?
680 1517 750 1601 der
766 1515 932 1633 singuiis
948 1522 1144 1660 loquendi
1161 1529 1215 1612 nc'

143 1633 388 1754 querulandi
398 1631 571 1718 liberam
588 1627 840 1718 facultatem:
865 1632 1206 1749 &iubeatopem

143 1753 433 1868 gravaminum
448 1746 639 1833 levamen<
658 1742 841 1860 sperare,
868 1746 1032 1862 speique
1049 1748 1140 1836 sntis‘
1154 1750 1208 1840 fu·

145 1871 246 1953 ciat:
277 1857 370 1977 qu'ae
386 1885 454 1946 res
478 1859 522 1945 dr
537 1857 708 1968 satrapas
736 1885 878 1948 cautos
898 1862 1210 1978 modestusque:

144 1976 254 2094 ipsos
276 1999 416 2062 autem
439 1974 561 2059 status
584 1972 859 2065 Administros
881 1974 932 2061 de
950 1977 1098 2064 sincera
1117 2006 1217 2093 prov

144 2095 374 2296 viffiamm
401 2113 448 2175 ac
478 2086 733 2208 oppidorum
758 2091 989 2177 conditione
1016 2098 1213 2184 certiorer'

146 2233 194 2296 re
253 2228 305 2294 at.
389 2223 393 2238 ¹
1093 2233 1095 2240 ·

265 2315 471 2407 Videntur
487 2312 587 2402 mihi
615 2339 752 2403 umen
776 2317 901 2405 ricini
924 2312 1216 2409 Btu'nnsuicen·

147 2432 210 2523 ste
226 2460 324 2521 cum
343 2434 667 2536 Hannoveranis,
694 2456 785 2518 utra
803 2456 910 2518 terra
927 2433 971 2519 fit
987 2434 1109 2521 altera
1128 2436 1214 2522 ben

150 2545 1218 2665 tior?'contendere;·nonminusacutriquecognati

150 2664 360 2773 Principes
379 2664 485 2746 inter
505 2658 572 2760 iia,
591 2660 734 2772 ecquis
760 2658 878 2773 sunm
900 2663 1058 2767 beatius
1071 2658 1219 2765 ¹reddar

149 2779 466 2893 patrimonium,
493 2774 697 2884 praeclaro'
713 2779 936 2885 certamine
959 2779 1218 2866 aemuiautur.

152 2895 284 2993 Mite,
315 2888 459 2973 dicunt
482 2886 562 2990 ilii„
593 2888 887 2973 Hannoverani
911 2889 1037 2976 Ducis
1056 2895 1220 3005 imperi·

151 3032 229 3093 um
247 3001 514 3117 predicatur:
551 3001 661 3113 apud
685 2999 723 3085 se
750 3023 885 3086 tamen
908 3003 1061 3115 fingula
1088 3010 1221 3115 capita

153 3143 295 3205 annuo
312 3114 435 3202 censu
451 3139 536 3231 non
553 3118 705 3228 premi:
728 3113 884 3200 levatos
904 3113 940 3200 se
959 3123 1095 3227 potius
1112 3114 1223 3205 hrud

153 3230 389 3345 itupridem
404 3250 620 3340 parte-non
637 3227 940 3315 contemnenda
953 3233 1224 3325 tributorum,

154 3370 198 3432 et
225 3370 283 3432 ue
305 3342 409 3430 adeo
432 3341 520 3428 haec
543 3368 669 3453 porro
695 3349 905 3431 minutum
924 3348 992 3448 iri,
1021 3342 1133 3459 spem
1147 3339 1227 3433 nni

157 3456 200 3549 fa
290 3487 330 3544 r:
365 3460 510 3543 mortis
536 3457 853 3569 quoque'poena
872 3458 1136 3571 inmaieiicns
1155 3450 1225 3561 sce·

190 3580 257 3661 ius
280 3572 631 3660 Hannovertnam
658 3571 870 3674 Nemefin,
911 3598 1044 3687 quam·
1068 3574 1225 3667 Brunc-

153 3600 383 3779 Hricensem
404 3681 728 3771 animadvertere
746 3687 824 3774 &c
1005 3698 1007 3703 '
1075 3692 1090 3769 ’.

165 3834 171 3851 ·
278 3802 346 3889 De
369 3800 434 3883 illa
457 3801 577 3883 etiam
603 3821 625 3881 a
649 3797 879 3883 Procerum
896 3812 1004 3903 uno,
1032 3794 1228 3912 Principis

158 3918 333 4118 pergine
347 3909 1061 4119 perlperrasciecior‘aieeoppidttim
1076 3912 1227 4003 iustitu-

260 4048 323 4145 με,
383 4090 394 4119 .
456 4090 468 4122 .
812 4051 841 4114 r
884 4061 887 4066 ¹
1135 4045 1176 4115 tc
