2784 4625
95 533 98 564 ³
152 502 330 621 gaudere
350 505 458 591 inter
473 500 579 589 duos
599 500 824 618 litigantes:
853 507 927 619 qul
944 515 1079 595 tannen
1096 532 1148 595 ex
1165 485 1217 598 al·

150 647 235 706 tera
252 645 367 733 parte
389 641 522 703 natam
539 622 645 702 inter
662 619 841 706 diversos
859 624 1029 707 civitatis
1052 626 1212 726 viclnae,

151 735 317 847 suaeque
335 731 446 847 quafi
463 732 597 817 tutelae
613 734 870 836 concredito,
889 735 1051 821 ordines
1067 737 1211 824 discor.-

149 850 258 935 diam
284 846 454 961 perinde
477 846 630 931 habere
654 862 889 962 nequeunt3
945 850 1049 935 bene
1072 875 1213 938 autem

149 967 393 1076 ceteroquin
413 965 528 1074 gnari
544 958 655 1062 sunt,
684 987 809 1074 quarn
826 964 1004 1049 arduum
1024 964 1068 1047 fit
1084 966 1126 1053 81
1145 966 1223 1053 det

149 1075 334 1179 difficile,
363 1099 495 1164 motas
512 1075 714 1186 ejusmodi
729 1077 821 1163 lites
839 1103 1109 1190 componere.

263 1362 443 1515 Εοὰεηι,Ι
471 1438 557 1527 quo
578 1412 819 1517 Hildefiunn
848 1359 970 1502 etiarn
987 1349 1211 1504 lonnovess

145 1553 235 1617 rem
260 1506 327 1613 die
343 1531 477 1640 attigi,
517 1529 599 1616 olto
622 1530 757 1615 adhuc
775 1529 879 1641 lole3
909 1521 1100 1618 utstatim
1118 1534 1211 1644 p'ost
1295 1569 1298 1575 ·

95 1661 97 1684 ²
145 1645 303 1758 primos
319 1642 534 1753 amplexus
552 1644 808 1746 ambulatum
829 1646 881 1729 ab
899 1647 1058 1747 amicis,
1087 1641 1209 1754 bene,

146 1745 352 1871 quantum
381 1759 423 1845 81
450 1780 592 1956 operto
618 1783 766 1870 campo
789 1757 834 1848 u
858 1753 987 1843 libero
1012 1784 1102 1845 aere
1125 1756 1210 1845 frui

143 1875 453 1983 ontem‚gnaris,
475 1896 568 1957 oras
582 1872 701 1960 educi
714 1877 934 1983 potuerim.
945 1869 1218 1979 Percommo.

143 1987 193 2073 do
212 2010 339 2072 totam
356 1985 504 2073 urbem
520 1989 692 2096 cingunt
707 1986 960 2078 ambulacra,
988 1985 1210 2074 arboribus

143 2100 373 2213 utrinque,
404 2099 499 2189 hinc
523 2098 619 2184 inde
642 2097 795 2214 duplici
820 2105 961 2203 etiam,
989 2102 1062 2187 ubi
1089 2100 1209 2186 locus

145 2210 248 2317 fult,
265 2231 268 2237 '
283 2211 428 2298 ordine
452 2213 614 2300 conlita.
679 2214 779 2301 Solo
802 2220 912 2300 enlm
941 2211 1030 2300 fere
1049 2240 1220 2326 aquata,

147 2330 199 2415 ab
227 2327 381 2440 aliquot
404 2327 487 2439 jam
513 2332 629 2413 annis
653 2335 910 2442 munimento
935 2325 1056 2433 sunt,'
1097 2353 1145 2414 ut
1168 2332 1211 2413 in

145 2440 403 2543 ambulacra,
449 2444 492 2530 81
523 2443 671 2554 plateas
707 2462 1073 2548 converterentur,
1116 2446 1210 2556 qusse
1275 2517 1277 2521 .

147 2554 257 2642 aedes
280 2578 460 2661 ertone,
500 2558 543 2644 δι
569 2557 751 2642 liberum
775 2559 818 2645 in
849 2558 1018 2671 compos
1048 2552 1215 2673 prospe·

148 2669 699 2757 &umexolterahaberent
1002 2718 1004 2725 ·
1062 2722 1064 2727 -
1177 2686 1189 2751 .·

268 2784 381 2871 Cum
406 2780 837 2870 munimentis·dlrutae
856 2779 947 2870 sunt
963 2787 1082 2869 etiem
1100 2790 1211 2870 vete·

146 2920 239 2998 res,
268 2920 342 3009 per
364 2897 738 3011 longastetrosque
756 2892 938 2982 forniceo
961 2884 1094 2982 du'elae
1116 2918 1212 3011 por·

150 3032 223 3116 to,
253 3035 301 3096 ur
316 3010 429 3097 fieret
452 3017 577 3097 totius
599 3010 717 3098 urbis
731 3005 857 3097 facies
880 3008 1095 3099 liberalior.

98 3199 101 3202 .
199 3148 224 3201 ·.
261 3123 318 3211 lta
345 3130 464 3212 etiam
483 3149 565 3211 roto
585 3129 748 3211 'circum
766 3129 882 3241 regio
900 3126 1051 3237 partim
1068 3114 1211 3209 viride·-

152 3240 245 3344 riis,
279 3241 428 3350 partim
460 3241 701 3326 nemoribus
727 3241 771 3324 in
801 3239 1035 3327 ambulacro
1058 3240 1215 3351 optatis,

148 3352 343 3453 abundat,
369 3378 416 3439 ut
434 3377 526 3439 raro
542 3353 662 3440 ullibi
675 3348 844 3440 turbant
862 3352 1095 3455 hominum,
1114 3374 1213 3462 qut·

148 3465 233 3554 lent
261 3468 303 3552 in
325 3464 433 3552 roseo
459 3490 505 3552 ut
529 3490 700 3568 vocent,
729 3488 858 3581 prope
888 3462 1066 3579 Llpli'em
1090 3463 1211 3565 valle,

150 3578 294 3668 uidere
349 3579 568 3694 nandoque
596 3574 790 3685 delerffut,
818 3581 927 3666 inter
951 3572 1216 3666 obambulon·

152 3691 258 3784 dunt
280 3604 485 3805 offendau
521 3692 851 3810 quoquoversum
874 3696 984 3780 eninr
1002 3692 1045 3781 u
1062 3693 1102 3780 ln
1125 3714 1215 3778 orn·-

152 3834 226 3899 nes
241 3832 374 3922 partes
393 3805 430 3895 se
449 3801 707 3911 diffundnnu
736 3810 809 3921 qui
824 3806 1059 3897 ambulandi
1076 3805 1119 3893 8(
1135 3807 1235 3889 ani·-

152 3924 213 4017 ml
230 3925 443 4014 recreandi
459 3922 570 4014 ceula
592 3916 913 4122 integerentur
942 3917 1219 4120 internoirlnfinir

223 4080 226 4087 ·
264 4070 282 4103 -·
727 4060 761 4125 e
