2784 4625
193 333 239 389 ce
393 241 400 280 ⁴
625 308 832 371 '²²ss²'-

199 470 470 576 deferbuisl'e,
501 476 732 590 quamalio
757 476 795 561 se
816 473 1071 578 conuertisse,
1101 477 1144 563 dr
1160 476 1268 562 lutra

200 590 384 700 Europa
415 591 564 676 limites
595 590 817 678 retractum
843 590 1059 680 constitisse
1092 587 1268 677 dixisses.

157 720 160 726 ’
200 704 297 822 Jarn
320 709 430 791 enim
450 704 649 798 inlimine
671 706 895 821 theologici
919 705 1036 794 studii
1054 704 1164 817 spem
1183 732 1269 791 non

201 822 417 905 minimam
443 846 733 929 conceperam,
778 847 1011 932 votumque
1042 818 1268 919 emiseram,

202 930 339 1024 saltem
359 932 463 1018 velle
487 962 556 1020 me
583 936 625 1021 dr
650 930 762 1046 posse
785 935 938 1047 aliquid
954 935 1005 1044 ad
1022 931 1269 1019 reuniendos

122 1096 124 1099 >
206 1046 479 1149 Christianos,
496 1119 502 1128 .
520 1050 571 1138 dr·
585 1046 634 1131 ad
659 1073 804 1158 pacem
820 1048 1132 1135 Ecclcsrasticam
1156 1050 1272 1133 resti·

204 1159 403 1248 tuendam
420 1160 635 1275 aliquando
655 1161 857 1258 conferre,
913 1165 1075 1250 Votum
1095 1159 1270 1275 quidem

206 1273 311 1385 illud
355 1298 467 1360 tanto
506 1276 723 1361 ardentiori
768 1260 864 1363 cu‘m
903 1276 1101 1390 religione
1147 1274 1273 1376 emisi,

240 1412 365 1479 uauto
381 1386 481 1500 spes,
502 1417 687 1504 meaeque
708 1390 822 1475 sortis
842 1390 1003 1492 fiducia,
1016 1390 1117 1474 mihi
1136 1389 1272 1498 major

122 1521 128 1528 ’
206 1414 355 1601 suerat,
381 1528 449 1589 me
465 1504 598 1594 adhuc
616 1510 792 1596 interris
810 1504 1076 1617 superstitem,
1092 1501 1269 1615 infignes

101 1682 102 1685 a
208 1614 413 1730 quosdam
445 1637 646 1703 meorum·
663 1620 850 1706 adhunc
878 1620 1002 1712 linem
1030 1633 1270 1718 conatuum,

207 1730 276 1816 vel
297 1736 458 1845 potine,
490 1758 536 1816 ut
552 1731 775 1846 modestius
795 1732 944 1832 dicam,
975 1760 1076 1819 mcae
1094 1759 1191 1817 cum
1209 1754 1272 1817 tot

206 1846 296 1932 aliis
312 1845 485 1932 aliorum
502 1849 544 1929 in
556 1843 715 1933 'eodem
735 1875 886 1960 genere
910 1846 1048 1935 studiis
1064 1874 1110 1931 ac
1126 1843 1273 1934 labori·

175 1961 177 1966 ⁴
207 1959 291 2052 bus
314 1959 548 2048 consociata
565 1987 718 2076 operae,
735 1960 905 2047 effeslus
928 1960 1128 2052 visurum.

143 2167 146 2174 ,
327 2073 497 2165 Publice
526 2087 627 2161 vero
658 2076 810 2188 aliquid
843 2076 955 2162 hunc
981 2080 1022 2162 in
1047 2074 1173 2160 fin'em
1200 2098 1275 2158 uu·

240 2214 337 2273 uam
363 2215 502 2300 agere,
533 2216 609 2278 aut·
633 2191 743 2308 quas
770 2190 891 2275 misso.
910 2214 1098 2303 praecone
1121 2202 1277 2273 'notum

209 2212 341 2392 sacere
361 2301 539 2408 conclis,
570 2333 752 2420 quorum
769 2307 943 2410 interest,
973 2331 1041 2389 me
1059 2302 1141 2390 hoc
1157 2299 1275 2387 illud·

209 2444 264 2503 ve
291 2443 400 2528 opus
426 2418 579 2523 moliri:
604 2449 685 2506 me
702 2425 756 2507 ita
779 2448 920 2534 agere,
957 2443 1004 2504 ut
1022 2417 1170 2504 diffidia
1186 2414 1278 2502 reli·

200 2535 346 2649 'giouis
358 2559 670 2643 componerem,
686 2563 738 2619 ne
755 2534 945 2620 somniavi
962 2532 1151 2645 quidem3
1167 2527 1276 2615 mul·

212 2670 257 2734 to
282 2647 421 2733 minus
448 2648 626 2734 violenta
649 2648 870 2762 suggerere
895 2647 1074 2749 confilia,
1105 2644 1210 2731 bella
1233 2645 1278 2733 81

210 2758 300 2847 lites
317 2783 499 2862 movere,
517 2762 736 2849 ,debachari
753 2766 792 2847 in
808 2760 1071 2864 adversarios,
1093 2784 1163 2846 aut
1180 2785 1281 2844 cum

211 2873 395 2991 quodam
420 2879 578 2985 impetu
595 2902 681 2971 rem
708 2877 895 2989 aggredi,
923 2901 1109 2991 unquam
1129 2875 1298 2985 cogita?

210 2993 268 3095 vi.
291 2989 528 3075 ¹Dum‘alii
556 2994 609 3078 ita
631 2990 669 3076 se
695 2981 776 3078 hoc
806 2997 847 3090 in
863 2996 1033 3106 negotio
1057 2988 1279 3105 gellerunt,

210 3103 367 3194 bonam
402 3103 658 3195 voluntatem
691 3105 852 3193 laudavi
883 3102 1087 3219 quidem,
1127 3099 1280 3215 agendi

210 3243 314 3304 vero
330 3221 527 3303 rationem
547 3244 692 3330 utpote
710 3248 785 3305 nec
804 3219 891 3303 satis
914 3216 1175 3328 prudentem,
1195 3217 1279 3303 ani·

211 3335 284 3437 mi,
299 3327 452 3420 samam
468 3329 694 3445 laudesque
710 3336 947 3444 aucupantis
968 3358 1052 3415 non
1066 3356 1158 3416 raro
1176 3327 1278 3412 indi·

212 3471 325 3548 cem,
379 3446 421 3532 dr
463 3448 674 3560 propofito
707 3448 775 3534 fini
809 3451 947 3557 potius
984 3440 1276 3541 adversantem,

90 3671 94 3677 ᾗ
210 3584 338 3674 quam
363 3585 685 3674 congruentem,
717 3590 931 3672 nunquam
961 3559 1149 3670 probavi.
1207 3556 1276 3642 Sa·

97 3695 102 3781 j
208 3677 258 3764 tis
277 3678 388 3764 enim
405 3698 564 3763 mature
584 3676 725 3782 didici,
758 3674 879 3763 solius
897 3673 1043 3759 divinae
1062 3669 1276 3784 providen-

92 3846 97 3856 ,
209 3792 272 3883 tite
289 3787 387 3888 elle,
417 3816 482 3876 res
499 3791 698 3879 humanas
719 3818 879 3904 regere,
918 3791 960 3877 ἃ
978 3787 1168 3873 adfinem
1186 3810 1274 3897 quo

206 3901 291 4023 ipsa
314 3906 513 4005 uoluerit,
542 3902 763 3997 adducere:
793 3907 923 3996 statim
940 3894 1272 4103 quoque,dquod

543 4076 547 4083 ·
1163 4038 1218 4103 1³5
