2784 4625
193 353 289 432 m,
595 309 852 384 ⁴oe.

191 493 304 600 milti
320 489 552 607 praeplaeuit
569 489 727 595 Xistus,
747 494 820 607 qui
843 484 932 577 fere
953 517 976 576 a
1001 514 1118 607 porta
1143 491 1267 584 urbis

199 609 382 699 adherat
405 605 621 692 dimidium
639 607 682 692 &
701 604 809 692 ultra
826 604 1077 717 prottatlus,
1121 609 1262 695 Hern-

197 724 366 824 llufium
381 747 514 835 usque
536 722 749 835 pertingit3
786 719 1103 834 &quadruplici
1120 741 1263 834 proce·

193 844 342 944 ‚rtrum
356 833 555 923 arborum
571 833 713 919 ordine
729 835 845 921 binas
869 835 1097 947 peditibus,
1136 862 1265 925 unam

196 952 383 1058 mediam
399 974 523 1035 curru
541 971 612 1035 aut
628 974 738 1061 equo
755 950 972 1050 euntibus,
991 953 1073 1035 vias
1089 951 1263 1061 praebet.

203 1109 207 1116 ·
320 1064 436 1153 Urbs
461 1058 607 1174 ipsein
629 1062 879 1173 paleopolin,
917 1064 962 1152 dr
993 1064 1185 1176 neapolin
1210 1064 1268 1152 di·

170 1261 174 1266 .
201 1182 443 1296 stinguitur:
481 1199 655 1288 utraque
678 1174 1100 1291 suummagistratum
1126 1176 1266 1266 habet.

200 1292 378 1396 Laetior,
407 1312 455 1377 ut
475 1290 615 1404 sponte
635 1290 857 1404 intelliges,
884 1293 941 1375 est
958 1290 1106 1399 hujus,
1136 1318 1266 1406 quam

201 1410 310 1506 illius
327 1403 462 1494 facies.
519 1406 565 1491 ln
581 1431 630 1489 eo
647 1428 785 1491 tamen
800 1402 958 1490 AEdlles
977 1406 1269 1492 Hannoverani

202 1527 282 1616 toti
297 1546 408 1607 nunc
424 1516 542 1622 sunt,
570 1543 617 1603 ut
641 1517 751 1604 illam
769 1543 939 1633 quoque
957 1543 1159 1631 quantum
1178 1519 1267 1606 fieri

239 1638 359 1738 otest,
389 1634 432 1722 dr
451 1629 715 1719 salubriorem
734 1631 777 1718 &
794 1636 1062 1719 amteniorem
1086 1632 1271 1725 reddant.

203 1663 319 1852 Facit
336 1749 420 1834 huc
436 1747 551 1860 quod
566 1746 735 1832 dilatatis
752 1745 907 1859 plateis,
925 1745 1154 1863 dirutisque
1169 1775 1282 1834 mre-¹

207 1864 331 1952 nibus
346 1862 527 1959 liberiori
542 1865 622 1946 aeri
641 1865 750 1946 viam
768 1855 1270 1974 patefaciant3praprimis

206 2001 368 2082 autern,
399 1972 514 2088 quod
531 1972 777 2064 mundandis
795 1973 937 2086 plateis
954 1978 997 2063 dr
1013 1975 1269 2062 removendo

208 2095 283 2207 qui
306 2117 358 2176 ex
381 2085 554 2188 faecibus
578 2093 729 2191 oritur,
765 2087 911 2174 exitiali
934 2084 1085 2190 faetori,
1124 2115 1270 2178 reeens

136 2222 139 2226 ’
208 2208 253 2293 &
269 2228 518 2319 magnorum
533 2201 744 2291 sumtuum
761 2199 1000 2315 praclarum
1018 2228 1138 2316 opus,
1151 2218 1153 2222 ’
1168 2203 1269 2292 cloe-

203 2346 275 2417 ,ets
289 2324 333 2407 in
349 2315 568 2417 flumen-se
581 2341 868 2418 exonerantes,
895 2318 1207 2409 construxerint.

204 2457 232 2533 ,·
327 2434 481 2545 Dirigit
490 2428 641 2544 opera's
658 2430 773 2517 hasce
793 2431 971 2536 salubres
990 2436 1185 2546 egregius
1209 2434 1268 2520 rei

203 2545 377 2643 aedilitia
395 2545 631 2658 nuuc-apud
654 2544 960 2660 Goettingenses
975 2546 1166 2658 publicus
1183 2548 1270 2635 Ma·

243 2664 356 2762 ister,
387 2661 547 2745 militari
564 2658 816 2761 charafilere,
848 2661 891 2748 dc
914 2686 1087 2746 munere
1111 2659 1270 2764 austae,

95 2882 99 2892 ⁴
266 2774 420 2871 iillerus
442 2775 538 2887 qui,
566 2795 769 2887 quantum
793 2777 834 2859 in
851 2772 932 2861 hoc
956 2773 1175 2885 prasertim
1201 2801 1270 2889 ge·

206 2914 311 2986 uere
337 2886 484 2988 valeat,
502 2972 505 2979 ,
522 2891 597 2973 viis
623 2887 820 2998 publicis,
845 2888 1110 2991 ambulacris,
1141 2890 1268 2975 stratis

210 3027 287 3117 per
311 3002 463 3089 urbem
485 2999 644 3113 plateis,
674 3001 847 3104 cloacis,
878 3026 1002 3113 ponte
1019 3027 1159 3090 recens
1178 3001 1269 3089 Lei·

210 3145 274 3211 nae
290 3112 466 3224 injefilo,
493 3140 657 3226 magno
676 3110 898 3202 fundendis
917 3115 1071 3202 bellicis
1091 3142 1270 3222 tormen-

211 3234 264 3316 tis
281 3228 470 3329 aediricio,
486 3228 760 3320 ¹Hannoverae
776 3226 976 3340 ostendit3
1005 3230 1215 3341 deporto,
1242 3229 1270 3316 fi

90 3378 91 3382 ¹
204 3344 361 3454 Superi
386 3342 613 3444 voluerint,
645 3341 869 3454 Grettingae
897 3346 1019 3430 etiam
1043 3339 1270 3456 patefaciet,

211 3456 333 3564 cujus
352 3454 836 3571 valla&·munimenre,in
850 3454 1084 3543 ambulacra
1101 3456 1143 3546 &
1162 3484 1270 3545 com·

197 3572 421 3674 modium„
445 3571 488 3658 dc
506 3572 748 3669 amoeniora,
774 3573 827 3655 ita
842 3596 1073 3674 convertet,
1105 3593 1152 3659 ut
1179 3570 1269 3659 sub

193 3686 403 3788 milium,
432 3708 570 3777 aerem
594 3676 833 3779 liberiorem
855 3688 1174 3798 purioremque,
1202 3712 1269 3771 ex·

201 3796 358 3887 ficcatis
388 3798 677 3909 -praesertim·,-,.
692 3796 757 3907 vel
787 3800 829 3883 in
861 3797 1075 3885 aratorem
1111 3794 1269 3903 fosstrm,

190 3914 822 4029 >ermqueuttqurtemitnnta
850 3910 1074 4019 declivem,
1104 3912 1269 4018 corcus,

262 4074 265 4081 ·
329 4074 337 4087 ·
657 4066 737 4127 .·,·.·.
808 4048 811 4059 ’
923 4076 925 4079 ·
1116 4051 1212 4144 quae
