2784 4625
580 316 786 376 mn
1094 319 1101 343 ¹
1144 301 1153 325 ¹

144 511 240 606 quat
256 485 406 578 urbem
425 486 701 593 circumdant,
729 482 982 603 paludibut‚'
1005 493 1207 582 transmit·

141 627 241 692 tant.
299 604 420 694 Viam
453 630 546 717 quae
573 601 749 692 mediam
777 602 1029 716 Goettingam
1050 604 1215 708 tranfitf¹

140 744 267 835 atque
291 743 312 801 a
336 722 528 831 proximo
552 718 846 805 Hannoveram
870 718 1215 833 versus-oppidm:

139 829 355 934 Wenden,
393 857 546 919 nomen
572 830 694 917 habet
720 878 779 899 ····
805 834 992 945 primum
1018 833 1208 922 hicanis

143 947 184 1034 δι
206 944 375 1032 solertiae
393 945 470 1034 luae
488 945 688 1059 specimen
804 946 887 1055 jam
908 946 972 1032 ad·
985 946 1215 1040 exalliotea.

142 1059 318 1174 physica
334 1061 494 1174 regulas
506 1057 743 1171 descripftm
763 1060 807 1148 81
822 1059 978 1148 duriori
997 1057 1129 1171 lapide
1150 1105 1207 1134 ····

140 1171 289 1307 dalalte
392 1181 434 1262 iu
452 1198 617 1289 tempus
634 1173 770 1260 multo
785 1173 950 1292 longius
967 1174 1211 1266 duraturam

142 1309 313 1377 enavit.
963 1373 965 1378 ,
1013 1363 1056 1376 Χ,
1174 1325 1215 1344 ··

164 1313 194 1401 p
253 1400 364 1487 Inter
382 1399 497 1488 urbis
513 1399 795 1490 memorabilia
810 1405 995 1516 primum
1014 1400 1129 1516 quod
1144 1404 1214 1499 vii

142 1512 306 1619 derem,
336 1515 535 1630 quodque
558 1541 727 1631 egomet
752 1516 883 1622 ultro,
913 1521 1102 1605 omnium
1127 1519 1205 1632 pri·

141 1656 262 1718 mum
275 1626 481 1742 petiiliem,
499 1628 700 1717 Leibnizii
714 1630 852 1718 Genio
870 1630 1099 1719 dedicatum
1116 1655 1215 1720 mt)···e

142 1765 425 1847 numentum„
446 1740 556 1830 easus
580 1744 746 1834 obtulit.
802 1745 914 1835 Cum
942 1748 1053 1840 enim
1074 1769 1215 1834 eutreet

140 1886 210 1946 ma
233 1882 350 1969 parte
375 1856 484 1958 valli,
522 1884 605 1970 qua
621 1863 664 1947 in
682 1885 875 1972 campum
892 1859 1092 1949 Martium
1108 1843 1218 1948 dena!

143 1975 226 2073 nit,
255 1970 300 2058 fit
315 1970 588 2061 anstrudam:
618 1998 727 2059 meta
746 1972 1087 2061 deambulationis
1110 1968 1216 2080 fuitf

143 2088 283 2200 primo
306 2085 441 2175 adbuc
464 2086 631 2200 vespere
648 2114 744 2174 cum
759 2092 898 2175 amicis
920 2089 1122 2176 inllitutaet

256 2199 418 2287 Sacram
435 2198 562 2306 hanc,
593 2200 731 2288 Genio
742 2200 943 2287 Leibnizii
958 2200 1104 2303 aedem,
1123 2224 1215 2287 aare

142 2312 293 2402 collato
317 2319 426 2402 cives
450 2315 608 2402 nonnifi
640 2319 931 2404 Hannoverani
956 2313 1213 2415 dedicaruntt·

145 2432 355 2517 neminem
373 2433 639 2545 peregrinum
658 2434 699 2516 in
715 2429 920 2544 religionis
936 2429 980 2516 81
994 2427 1209 2516 liberalita-

146 2546 199 2629 tis
225 2541 455 2630 societatem
480 2543 751 2631 admittentes.
827 2542 1039 2632 Altiffimis
1062 2544 1120 2631 est
1146 2539 1216 2655 sue

144 2655 373 2770 perstrudla
388 2653 662 2745 fundamentis
684 2684 833 2772 magna
849 2656 1003 2744 moles:
1031 2655 1209 2745 rotunde

147 2770 226 2875 est,
264 2792 436 2885 totaque
463 2796 620 2884 aperta:
667 2770 783 2872 oddo,
829 2769 1217 2871 indentemini·

145 2884 264 2996 justae
277 2885 572 2998 magnitudinis
590 2883 832 2973 &diametri
851 2884 1053 2973 columnis
1071 2880 1218 3001 tholua:

146 2997 360 3087 sustinetur
379 3028 400 3084 :-
433 2998 485 3085 ad
512 3026 645 3085 aream
684 2997 911 3086 ascenditur
949 3024 1024 3113 pet·
1055 2994 1217 3115 gradus
1250 3091 1253 3096 ,

148 3134 276 3201 totam
293 3110 447 3200 molem
465 3112 687 3207 ambientes
698 3142 712 3209 t¹
738 3111 923 3222 inhujus
941 3110 1212 3219 medio'llabi't

147 3225 314 3427 {olibae
343 3253 419 3313 arae
445 3226 680 3340 imposttum
710 3226 913 3315 Leibnizii
935 3225 1218 3314 fimuldctu'mt

189 3337 320 3425 ffinxit
344 3338 453 3429 illud'
477 3344 619 3428 Romae
652 3368 704 3428 ex
740 3341 963 3429 cataniensi
1004 3362 1218 3433 marmore

148 3450 331 3564 sculptor
345 3453 494 3541 Scotus
520 3453 682 3567 juvenis
710 3453 866 3557 adbuc,
899 3454 950 3541 ad
982 3482 1100 3556 eum,
1123 3478 1213 3567 quo

150 3564 350 3667 Consules
370 3566 556 3671 luos,aut
571 3567 838 3680 Philosophus
854 3571 1020 3678 antiqua
1038 3568 1214 3670 Graecia·

148 3680 369 3794 Romaque
384 3705 504 3769 vetus
518 3681 875 3793 repraesentarunt,
903 3681 1090 3785 modum
1107 3703 1216 3767 tanto

150 3816 239 3883 arte
266 3796 308 3884 aa
334 3818 415 3883 tam
440 3800 616 3910 propitia
639 3797 850 3898 Minerva,
875 3819 923 3883 ut
935 3795 1100 3884 vultum
1124 3797 1216 3884 viri,-

150 3906 271 4000 stmul
297 3910 340 4003 dt
364 3914 578 4033 ingenium
596 3909 723 4115 ‘facille
746 3904 969 4028 agnoscas;
1009 3909 1216 4040 dicatque

736 4051 757 4140 3
1113 4047 1159 4109 tn
