2784 4625
614 287 817 321 m

154 312 410 384 ω
615 251 980 361 „..........

190 452 372 546 lebriora
389 475 500 537 nunc
516 469 732 537 taceam····
743 456 786 538 in
804 451 1040 553 coemendis
1054 452 1172 542 libris
1189 482 1263 570 op

188 571 297 659 timis
313 562 484 656 feliciter
501 563 595 652 usus
612 567 719 668 est.,‚
813 670 815 674 Ι
1171 567 1181 576 “’
1251 641 1255 649 .

155 691 162 702 “
303 683 547 793 “Magnum
565 704 665 766 vero
683 683 797 793 operi
812 684 1116 768 incrementum
1134 679 1265 769 accei'

191 794 321 884 fitex
344 796 563 885 Germania
590 795 737 897 nostra,
768 794 1088 907 locupletiifimis
1124 796 1258 883 tribus

192 913 438 1023 comparatis
454 907 713 996 bibliothecis
726 907 967 1024 Marquardi
979 910 1157 1013 Froben,
1175 911 1261 1014 ¹(qu

189 1029 361 1114 tionum
379 1023 506 1110 Patris
529 1050 575 1110 ac
597 1022 686 1125 filii,
715 1022 834 1110 Coelii
858 1027 1049 1137 inquam,
1078 1025 1121 1111 ἃ
1139 1023 1262 1112 Coelii

192 1139 433 1253 Augustini,
466 1140 525 1226 uti
542 1140 584 1227 δι
601 1135 804 1251 Joachimi
820 1134 1016 1238 Clutenii,
1048 1142 1133 1253 qui,
1160 1166 1260 1226 cum

190 1258 370 1358 viveret,
401 1251 579 1362 Principi
605 1250 723 1340 simul
742 1247 821 1336 fuit
837 1279 859 1335 a
876 1251 1085 1352 Confiliis,
1122 1250 1261 1339 salario

154 1379 155 1386 ‘
194 1372 350 1482 opimo.
380 1366 467 1454 'Ut
488 1370 598 1456 enim
618 1365 659 1451 hi
685 1364 806 1451 fuere
824 1369 867 1452 in
894 1369 1009 1451 omni
1024 1367 1261 1472 ¹litterarum

139 1545 141 1568 .
196 1506 354 1598 genere
376 1478 640 1585 versatillimi,
670 1479 921 1593 laudemque
943 1484 1122 1567 nominis
1146 1505 1263 1568 aeter·

190 1619 289 1688 uam
310 1594 388 1684 sibi
414 1620 613 1707 peperere
637 1593 828 1705 plurimis
857 1598 1011 1708 ingenii
1035 1595 1149 1681 editis
1174 1616 1263 1682 mo·

115 1741 122 1762 ¹
166 1712 426 1820 '‘numentis,
457 1709 576 1795 ita&
601 1706 943 1795 instruiliflimam
967 1713 1010 1795 in
1035 1707 1266 1800 studiorum

193 1820 314 1914 usum
338 1820 628 1936 supelleeiilem
649 1821 855 1907 librariam
877 1821 1049 1936 quilibet
1065 1825 1266 1910 instruxe-

192 1959 270 2041 rat.
329 1936 433 2041 Quae
449 1962 594 2021 omnes
612 1936 663 2023 ab
683 1936 914 2023 heredibus
936 1964 1089 2060 eorum*
1108 1935 1265 2050 amplis·

175 2104 178 2112 ,
195 2047 307 2142 omis
323 2051 540 2163 impendiis
557 2076 815 2165 comparata,
831 2078 943 2138 nune
955 2052 1154 2165 auguste
1170 2078 1265 2164 par·

195 2189 297 2269 tem,
314 2168 506 2280 quamvis
521 2164 645 2250 hodie
656 2170 927 2281 perexiguam
940 2168 1246 2274 constituunty„

310 2280 436 2369 “Nec
453 2307 557 2367 vero
573 2278 642 2368 illo
660 2305 849 2394 tempore
866 2306 1016 2396 urgere
1038 2281 1157 2367 suum
1181 2279 1266 2370 hoc

195 2419 305 2511 opus
330 2393 444 2482 defiit
466 2393 680 2509 Princep5‚
713 2395 779 2483 sed
805 2422 1104 2509 quamcunque
1126 2393 1263 2485 datam

193 2507 446 2614 occasionem
467 2536 551 2595 non
568 2508 699 2621 pallus
718 2510 834 2610 elabi,
856 2508 940 2620 jam
958 2514 1000 2595 in
1017 2537 1176 2595 annum
1196 2535 1263 2599 us·

112 2634 125 2693 i
230 2649 281 2711 ue
300 2649 321 2709 a
337 2623 561 2735 primordio
578 2628 701 2734 coepti
721 2626 857 2735 operis
874 2623 1264 2739 quinquagesimum

194 2650 446 2848 finitimum,
489 2734 771 2852 undequaque
811 2741 1015 2851 congestis
1053 2746 1266 2850 perpetuis

134 2878 138 2885 ’
192 2849 517 2953 accellionibus,
560 2855 750 2941 immane
785 2853 989 2966 quantum
1029 2850 1266 2939 thesaurum

195 2965 319 3059 istum
345 2967 525 3066 instruit,
563 2989 685 3084 atque
705 2965 941 3080 locupletat.
1016 2966 1140 3053 Enim
1161 2993 1263 3057 vero

101 3173 112 3182 ,
198 3106 254 3171 ne
280 3084 467 3192 ingentes
494 3077 665 3193 quidem
700 3079 775 3165 illae
811 3078 1054 3168 calamitates
1096 3079 1263 3192 bellico,

188 3215 292 3311 qua
319 3197 481 3280 ruinam
507 3192 701 3280 universae
726 3195 988 3296 Germaniae,
1034 3196 1077 3284 81
1141 3220 1262 3305 rope·

194 3307 374 3399 modum
410 3303 568 3418 ipfimet
605 3308 871 3399 Sereniffimae
901 3309 1072 3400 Ducum
1104 3220 1265 3398 lanitia

194 3421 411 3517 interitum
444 3447 574 3508 annos
602 3421 838 3534 complures
868 3421 1152 3527 minabantur,
1201 3450 1262 3512 re·

194 3534 402 3650 stinguere
415 3532 534 3622 illum
551 3536 762 3642 ardorem,
791 3541 877 3632 imo
902 3563 954 3625 ne
969 3529 1156 3629 minuere
1175 3541 1264 3658 qui·

152 3675 153 3679 ‘
195 3647 578 3755 convaluerunt„
623 3731 626 3736 .
1187 3712 1189 3716 ⁴

308 3762 409 3850 “ux
428 3790 515 3878 quo
533 3791 612 3882 pax
627 3763 762 3871 rediit,
776 3786 914 3878 atque
931 3790 1107 3854 amone
1123 3763 1264 3858 Fride·

190 3878 267 3973 tici
294 3876 422 3973 Uirici
452 3879 604 3995 uuas„
647 3882 762 3974 ut&
790 3877 923 3988 fratris
956 3878 1057 3999 Julii
1083 3880 1261 3992 Ernesti,

114 4050 116 4054 ,
1119 4022 1202 4089 am.
