2784 4625
146 497 345 590 homines
375 493 515 584 sumus
545 519 714 612 omnes3
743 522 818 584 nec
839 491 995 612 fingula
1020 503 1218 612 ex'aequo

146 615 346 706 meditata
366 607 558 726 proferri,
586 636 694 699 certe
711 639 764 698 ex
778 611 941 698 confilio
959 615 1002 703 δι
1021 611 1217 704 consensu

150 735 341 816 omnium
366 723 542 841 proferri
572 754 657 813 non
690 725 875 840 poliunt,
921 727 995 812 ubi
1020 731 1217 820 omnium

151 844 355 930 sociorum
385 845 550 928 nornine
575 866 686 928 unus
717 865 897 945 tantum,
937 842 1051 956 quod
1075 855 1218 930 tamen·

150 965 324 1046 'omnino
358 954 495 1058 decet,
536 954 743 1069 loquitur.
795 956 1013 1072 segregati
1040 969 1218 1076 quoque

153 1087 339 1184 oportet,
376 1071 450 1155 ubi
472 1083 621 1181 ptaeter
653 1071 864 1157 veritatem
903 1065 1003 1154 nihil
1028 1069 1219 1182 'q'uaeren-

153 1187 249 1272 dum
275 1187 355 1286 est,
392 1185 642 1278 quoouausv,
665 1181 872 1270 cavillandi
893 1182 1129 1284 libidinem,
1166 1186 1218 1276 ,St

155 1299 337 1415 gloriolae
368 1296 590 1410 elinguae,
627 1300 868 1412 ingeniique
886 1293 1220 1414 promptitudine

155 1441 257 1500 auco
290 1416 390 1498 ium.
417 1411 672 1520 Huiusmodi
689 1411 951 1499 incommoda
965 1416 1084 1499 vitari
1101 1407 1219 1526 polle

116 1523 124 1628 ἱ
156 1441 462 1627 ve'rodlnilent,
482 1524 519 1609 h
538 1549 623 1608 non
644 1553 748 1611 voce
764 1529 872 1612 inter
888 1524 1123 1642 congressos
1147 1543 1216 1614 coi

95 1633 128 1762 ξ
157 1669 259 1744 rom,
291 1637 520 1751 sedserip'to
536 1643 640 1723 inter
657 1638 899 1750 disjunllos,
927 1640 1006 1726 five
1031 1667 1218 1728 coenacu-
1266 1683 1275 1709 ·

95 1815 103 1868 ,
123 1777 136 1850 ῑ·
157 1757 200 1844 lis
216 1753 385 1854 divilo'u·
406 1754 450 1839 dt
469 1752 848 1868 utrimque'idonea
871 1753 1073 1843 librorum
1090 1755 1219 1868 supel-

95 1927 110 1983 ι
159 1865 652 1976 leelineinllrlidlos'res'a
682 1872 779 1955 iturt
803 1866 966 1955 ''Medio
981 1873 1090 1956 inter
1103 1879 1220 1957 utrm

95 2043 112 2098 ι
160 1997 235 2100 q'u'e
251 1979 525 2074 locoseorhn't
549 1897 909 2099 subfidantarbitri
926 1986 1138 2099 utrimque
1153 1984 1220 2072 de·-

159 2097 259 2203 leui,
292 2097 497 2190 viri-boni,
529 2098 574 2185 u
593 2096 752 2200 eruditi,
781 2097 933 2209 linguis
950 2102 1134 2211 inprimis
1150 2107 1220 2212 pe}

95 2269 119 2327 n
151 2217 215 2298 ‘n'ti
251 2214 296 2298 81
323 2212 504 2297 tationis·
524 2209 791 2322 disputandi-³5,
834 2209 951 2296 soluti
974 2212 1222 2319 juramentis*

95 2385 122 2440 1.
160 2328 309 2441 quibus
342 2325 524 2412 alterutri
569 2323 693 2412 forte·
719 2329 826 2437 parti
865 2350 980 2410 erant
1000 2325 1225 2437 adstrifili3'

160 2441 308 2555 quibus
342 2443 464 2528 'etiam
489 2462 684 2550 agentes,
730 2440 775 2528 li
803 2442 856 2524 ita
890 2438 1221 2556 colloquentium

95 2602 132 2669 3,-
158 2561 289 2643 vicem
299 2552 501 2667 appellare
510 2553 644 2649 libeat,
655 2552 753 2641 solvi
765 2554 1104 2666 cupiam,&cum
1114 2554 1219 2660 illos,

98 2698 133 2780 n·
159 2690 244 2755 tum
262 2671 343 2755 hos
359 2670 432 2754 uni
451 2664 520 2752 soli
540 2670 698 2754 veritati
716 2666 1013 2755 sacramentum
1032 2668 1223 2773 dicere.,'‚·-

95 2814 120 2894 q
271 2784 320 2869 ln
339 2783 420 2869 hoe
440 2806 612 2895 quoque
630 2783 742 2868 bene¹
762 2784 808 2871 de
822 2782 1115 2869 commoda'ad
1132 2786 1220 2869 lini⁴

95 2920 130 3007 qt
157 2895 282 2983 endas
304 2896 394 2981 lites
420 2895 642 2998 methodo,
670 2896 919 3011 agit','·-quod
937 2889 1223 3001 ¹ftdei'Luthe·

95 3040 127 3111 ,t
157 3010 266 3096 ranae'
280 3034 436 3123 typum
447 3009 685 3110 Catholicis,
709 3018 813 3096 ‘cum
837 3009 992 3123 quibus
1008 3009 1066 3119 illi
1080 3011 1160 3098 hoc
1176 3017 1225 3102 in

95 3101 125 3217 .l
156 3124 296 3211 libello
320 3150 386 3209 res
402 3124 496 3216 ests
516 3122 752 3239 Theologis¹
773 3122 983 3221 exhibeat,
1006 3148 1222 3237 ponatque

95 3229 122 3327 .l
158 3266 208 3325 ex
229 3238 407 3341 adverso
434 3234 664 3345 dollrioa'm
689 3236 943 3326 catholicam
958 3260 991 3342 ,⁸
1016 3246 1224 3353 quatenus

95 3374 122 3443 ,τ’
158 3352 288 3439 est-ab
312 3350 584 3459 illo‘discteta,
602 3378 654 3437 eo
670 3351 753 3439 fine
766 3379 813 3437 ac
828 3378 944 3456 voto,
960 3375 1007 3441 ut
1023 3352 1089 3439 vel
1105 3352 1227 3444 illum

95 3541 119 3561 ..
156 3462 372 3570 refutent,
416 3465 530 3552 hano
547 3464 687 3553 autem
713 3466 869 3553 idoneis
895 3466 944 3552 ad
973 3471 1229 3559 convincen-¹

95 3554 125 3693 ,ἱ
159 3580 266 3669 dum·
291 3583 546 3692 argumentis
572 3580 781 3694 probent3
809 3579 875 3665 vel
898 3578 1033 3665 secum
1056 3580 1225 3669 consen.-

95 3775 104 3789 ,
157 3700 269 3781 tiant.
325 3692 496 3780 Fallitur
510 3721 612 3782 veto
629 3698 673 3780 in
693 3714 757 3793 eo,
786 3690 903 3805 quod
920 3695 1104 3784 ctaffiora
1120 3708 1229 3808 quoi

95 3865 122 3925 :·
158 3836 242 3921 que
257 3806 325 3893 illa
340 3806 638 3898 nonnullarum
654 3805 884 3895 scholarum
902 3828 1136 3903 commenta
1152 3812 1232 3919 pai·

150 3926 192 4011 ri
208 3928 369 4018 tatione
384 3948 406 4012 a
423 3921 644 4020 Catholicis
669 3921 867 4013 omnibus
892 3921 1057 4024 heberi,
1085 3944 1156 4051 aut
1173 3926 1233 4011 ut³

965 4086 967 4091 -
1023 4058 1166 4165 genui·
