2784 4625
602 329 826 360 ι*

188 350 311 414 xcvm
402 313 405 318 ¹

165 528 167 532 ’
193 500 299 603 eu„
362 490 600 583 Franciseus
615 491 783 609 Junius,
805 492 1061 613 Theologus-
1078 494 1269 613 profesto
1303 549 1308 558 ·

120 621 152 654 ’“
196 616 379 705 doslrina
412 609 627 722 multiplici
660 608 883 710 excellens,
924 639 1021 699 cum
1048 614 1268 701 bibliothe-

196 754 288 818 cam
313 720 707 841 Heidelbergensem
735 747 915 827 curaret,
962 752 1188 834 αυτογραφον
1213 733 1270 842 ip

196 842 374 945 firmmet
402 840 661 938 Tritthemii,
694 836 885 951 Philippo
902 839 1098 928 'Elesiori
1129 841 1269 930 Palati·

195 986 254 1052 tro
268 958 319 1043 ab
340 952 724 1053 audiore'oblaturu,
754 975 947 1067 tanquam
966 959 1125 1068 magica
1142 955 1270 1042 reser-

198 1061 293 1162 ¹tum
312 1060 575 1164 laruarum,
605 1064 893 1153 combusserat.
953 1070 1285 1186 luttrmagicoa

196 1186 327 1276 libros
352 1183 395 1268 ἃ
419 1179 601 1294 joannes
624 1181 792 1267 Wierus
817 1179 972 1268 referre
999 1185 1270 1301 'Steganogra

196 1300 338 1418 phiarn
355 1321 440 1382 non
460 1296 517 1381 est
533 1299 716 1400 veritus,
756 1295 952 1409 cumipse
970 1302 1269 1415 praestigiarum

98 1421 119 1510 ,’
197 1411 423 1528 suspicione
438 1404 517 1495 sese
539 1412 609 1497 vix
622 1408 866 1495 liberaverit.
913 1457 916 1463 ·

135 1534 140 1540 “
244 1617 247 1622 ,
310 1527 447 1633 Quam
474 1517 652 1610 feliciter
676 1522 869 1636 Princeps
897 1529 1139 1639 purgaverit
1164 1528 1267 1631 boni

196 1641 437 1730 Tritthemii
453 1637 554 1725 illud
574 1636 743 1752 quidem
760 1664 890 1750 opus,
919 1644 1012 1725 audi
1038 1641 1270 1755 sodesjudi·

173 1790 174 1793 ¹
201 1759 314 1843 cium
332 1752 535 1843 Gabrielis
557 1751 745 1855 Naud‘aei,
769 1758 844 1837 viri
862 1757 1008 1867 utique
1031 1756 1162 1842 multa
1178 1785 1268 1846 eru·

199 1869 354 1957 ditione
395 1867 591 1952 clarissimi
611 1885 644 1967 ,'
673 1871 715 1949 in
752 1866 1053 1980 bibliograplria
1093 1871 1271 1982 politica.

200 1981 366 2084 “Quod
390 1980 441 2066 ad
465 1980 860 2094 Steganographica,
890 1986 1044 2094 inquit,
1075 1990 1276 2095 pertinet,

202 2124 296 2212 quae
321 2095 473 2183 Carolo
494 2094 652 2180 Bovillo
677 2094 835 2181 dusluri
861 2097 1191 2205 parum‘nasutu,
1216 2129 1268 2188 ac

200 2210 326 2324 ipfius
342 2212 556 2309 relatione,
586 2207 816 2294 multorum
834 2209 1080 2312 credulitati,
1113 2219 1269 2333 magica

195 2330 376 2413 omnino
394 2323 471 2409 visa
486 2320 661 2425 fuerant,
685 2352 731 2410 ea
748 2323 798 2409 fic
817 2350 949 2436 nuper
963 2326 1181 2435 illustravit
1198 2354 1268 2419 no·

164 2438 427 2526 ·bilissimus·
456 2439 601 2525 audior
639 2438 1006 2552 Cryptographiae,
1058 2443 1266 2553 Gustavut

136 2608 143 2623 κ
198 2553 399 2658 Selenus,
428 2576 476 2638 ut
495 2551 702 2667 quidquid
716 2557 760 2635 -iu
782 2556 858 2638 illis
884 2553 1130 2660 obscurum,
1155 2563 1267 2645 invo-

200 2667 426 2782 lutumque
451 2667 605 2751 tamdiu
623 2671 664 2749 in
686 2663 1048 2772 summa'ornnium
1067 2667 1266 2782 opinione

187 2790 253 2869 ac
270 2784 534 2867 veneratione
551 2778 787 2882 delituerat,
820 2807 902 2865 non
928 2784 1103 2894 amplius
1124 2784 1183 2872 sui
1203 2786 1267 2873 de·

202 2895 397 2989 siderium
430 2896 600 2997 excitet,
639 2895 855 3007 postquam
881 2896 933 2982 ab
966 2898 1035 2981 illo
1063 2901 1266 2988 retesturu

195 3032 328 3124 atque
364 3005 611 3122 patefatlum
649 3011 753 3110 est„
801 3119 803 3122 y
849 3009 1025 3117 lpseruet
1053 3013 1267 3103 Gerardus
1306 3064 1308 3069 ·

202 3122 381 3237 Joanne's
399 3124 577 3223 Vossius,
605 3124 667 3205 vir
684 3121 826 3206 itidem
853 3123 979 3239 longe
1000 3125 1264 3226 enutriamus,
1307 3144 1308 3223 ζ

118 3297 121 3302 ·
199 3238 307 3324 led'tu
331 3237 546 3326 Seleniauo
569 3261 718 3346 opere,
750 3233 841 3320 socii
867 3235 943 3338 sui,
973 3238 1171 3329 Francisci
1190 3244 1266 3359 Ju·
1306 3226 1308 3285 l

177 3354 258 3439 'uii
284 3352 334 3437 de
359 3354 402 3436 T
404 3350 658 3435 ritthemiaua
688 3349 1039 3464 Steganographia
1063 3350 1265 3463 judicium

199 3464 356 3552 nonnifi
382 3465 558 3577 trepide,
600 3463 642 3550 8(
665 3461 810 3548 leviter
834 3463 952 3550 ausus
973 3470 1030 3554 est
1048 3464 1262 3581 suscipere,

194 3582 276 3665 ¹viri
311 3578 524 3675 doslisliuri
546 3583 761 3689 -praeconio
801 3574 1034 3668 Gustavuru
1075 3586 1262 3673 nostrum

195 3691 451 3804 prosecutus,
497 3691 712 3779 Liberavit
730 3693 1028 3781 Trittheruium
1045 3692 1192 3794 fateor,
1219 3699 1261 3788 &¹

193 3803 926 3923 'JuaunesCaramuelLobkowitzius
943 3809 1261 3902 abinfamia'illa
1301 3878 1308 3903 .,

191 3920 473 4037 magica-„sed
494 3919 707 4011 volumine
732 3921 913 4011 multum
932 3922 1095 4041 dispari,
1126 3927 1170 4015 81
1194 3928 1261 4018 ali·
1307 3952 1308 4005 ³

268 4106 272 4113 ·
353 4078 358 4095 '
619 4068 622 4073 ¹
1092 4064 1201 4154 quot
1245 4107 1250 4140 r
1305 4078 1308 4091 ⁴
