2784 4625
112 312 115 316 ·
231 276 248 332 Ψ
378 307 426 367 ιιι
452 293 691 370 couterinus
716 284 885 380 Osann.
1112 303 1165 384 255
1232 356 1235 361 .

164 454 336 519 *salutavit
377 454 470 515 Unde
483 453 649 529 Augustino
664 448 835 511 Concilium
851 462 901 521 70.
914 443 1106 510 Sacerdotium
1120 453 1166 511 dl·

186 543 265 601 sium
282 537 408 602 alicubi,
429 535 459 596 dt
475 539 552 609 apud
567 531 769 597 VisionUtic.
779 536 816 594 de
830 531 973 607 persecut.
982 532 1079 595 Vand.
1090 533 1165 593 Con-

185 623 283 683 silium
297 634 444 680 santorum
457 615 655 689 Sacerdotes»,
670 620 700 676 in
715 616 813 676 edisio
830 617 996 677 Hunnsrici
1011 619 1109 692 utun.
1131 620 1166 679 ln

185 723 247 792 quo
271 704 336 764 sane
355 704 406 761 vei
422 718 483 763 uno
500 702 623 763 Vidiore
644 699 764 773 singulis
787 715 881 771 prope
903 703 1018 776 paginis
1040 705 1165 775 turpiter

183 789 344 862 impingat,
365 787 416 862 qui
436 787 629 847 Sacerdotem
648 796 706 855 pro
721 781 891 855 Episcopo,
912 781 1185 848 &Sacerdotium

182 888 240 944 pro
254 870 432 942 Episcopatu
449 875 484 928 ab
498 870 553 928 illo
572 869 632 926 dici
646 881 707 925 non
726 867 948 928 animadvertat.
984 866 1097 929 Contra
1113 886 1165 930 au·

157 967 164 1022 i
183 967 244 1014 tem
259 951 426 1024 Episcopus
441 968 496 1024 pto
511 952 692 1027 Presbyteso
715 949 894 1024 abantiquis
910 950 1071 1026 aliquando
1087 949 1165 1023 pori-

185 1052 249 1098 tum
270 1034 352 1108 elle,
384 1052 548 1110 quanquam
569 1035 600 1093 id
621 1034 716 1093 rarius
738 1048 754 1092 a
774 1030 881 1093 noers
903 1032 1091 1093 observatum
1112 1037 1167 1096 eii.

118 1148 123 1154 ·
185 1121 267 1181 Hinc
290 1120 327 1177 ad
349 1117 502 1179 discrimen
524 1132 612 1177 vetus
634 1116 685 1174 illa
709 1113 854 1192 loquendi
875 1115 1004 1177 formula
1017 1119 1165 1200 manavit,

184 1219 220 1262 ut
234 1204 320 1273 primi
333 1203 445 1263 ordinis
457 1202 603 1263 Sacerdos
619 1216 674 1273 pro
687 1196 837 1275 Episcopo
854 1198 1013 1274 aliquando
1031 1202 1165 1273 ditatura

183 1287 306 1347 secundi
324 1298 418 1345 autern
436 1288 544 1361 gradus
564 1285 624 1345 live
643 1280 757 1341 ordinis
771 1283 917 1343 Sacerdos
939 1282 1018 1343 idem
1038 1282 1092 1357 iit,
1114 1286 1167 1361 qui

184 1370 278 1443 vulgo
295 1367 466 1444 Presbyter.
504 1368 551 1427 De
564 1381 621 1443 qua
634 1363 783 1439 loquendi
799 1364 927 1427 formula
938 1366 1030 1425 multa
1043 1368 1168 1429 dauid.-

184 1468 251 1511 mus
268 1445 375 1510 Sauara
390 1453 427 1511 ad
441 1446 590 1510 Sidonium
605 1444 701 1527 Apoll.
718 1463 778 1507 non
792 1463 853 1506 uno
870 1450 951 1510 loco.
972 1449 1031 1509 Sed
1047 1453 1167 1529 mirum,

116 1597 118 1602 Α
187 1551 253 1595 cum
270 1537 317 1595 vir
332 1536 384 1595 ille
399 1534 606 1595 eruditissimus
627 1534 688 1610 hoc
712 1532 790 1591 inter
807 1527 864 1591 alia
882 1532 984 1603 Optati
997 1534 1168 1597 testimonio

186 1617 266 1678 suam
279 1617 454 1677 sententiam
475 1620 513 1676 de
527 1615 639 1691 duplici
653 1610 834 1673 Sacerdotio
851 1615 1025 1687 confirmet,
1047 1614 1081 1686 δι
1101 1618 1167 1686 eius

185 1701 407 1773 aestimandae,
429 1701 511 1775 quod
529 1702 565 1759 de
581 1698 673 1759 tertio
686 1712 808 1772 quoque
821 1697 993 1759 sacerdotii
1045 1706 1102 1763 adu
1116 1702 1169 1763 hic
1209 1722 1214 1731 ·

185 1784 299 1844 ibidem
325 1782 472 1857 Optatus,
492 1784 576 1844 illurn
599 1795 720 1850 tacere,
740 1795 829 1856 atque
845 1782 924 1855 quas
941 1799 998 1843 con
1014 1786 1079 1845 ulto
1094 1800 1169 1857 pare·

184 1868 294 1932 tenire,
315 1866 535 1939 assentantis,
557 1881 643 1944 quarn
657 1864 799 1935 volebat,
821 1865 1067 1932 incommodaret.
1108 1868 1178 1932 Sed.

187 1962 292 2009 contra
305 1952 445 2027 antiquos
461 1950 619 2020 canones,
636 1947 687 2024 qui
706 1960 807 2007 exerte
819 1946 975 2011 Diaconos
990 1952 1026 2011 ad
1041 1951 1169 2028 ministe-

187 2035 275 2105 rium,
286 2050 346 2092 non
366 2033 403 2092 ad
418 2033 613 2096 sacerdotium
630 2030 780 2097 ordinari,
802 2048 857 2091 nec
870 2034 970 2104 plures
988 2049 1073 2111 quam
1088 2036 1167 2098 duos

187 2117 258 2176 illos
276 2112 500 2194 Presbyteratus
518 2115 548 2177 δι
566 2113 765 2187 Episcopatus
784 2114 953 2196 Sacerdotii
969 2120 1091 2179 ordines
1108 2118 1167 2181 eii'e

187 2199 343 2267 sanciunt,
364 2197 507 2277 usumque
529 2194 670 2277 loquendi
695 2194 890 2258 aVettribus
912 2214 1084 2275 receptum,
1104 2221 1167 2264 non

189 2283 250 2354 est,
272 2282 352 2359 quod
375 2297 453 2342 unus
479 2284 591 2342 alterve
614 2284 723 2344 locus,
743 2281 838 2355 qualis
855 2281 906 2339 iaie
921 2286 1022 2356 Optatl
1036 2286 1094 2353 eli,
1114 2288 1168 2348 ubi

188 2365 356 2426 Sacerdotii
371 2365 461 2427 latior
477 2367 632 2440 acceptio,
651 2361 815 2422 molestiam
829 2366 923 2425 nobis·
936 2366 1085 2427 faccilant.
1125 2373 1170 2432 At

189 2451 221 2509 io
237 2449 309 2526 Jure
324 2442 685 2516 Canonicosnonrarum,
706 2459 740 2504 ut
758 2445 926 2507 Sacerdotli
948 2451 1108 2524 appellatio
1130 2454 1169 2514 ad

190 2546 295 2591 omnes
312 2533 340 2593 iu
358 2529 464 2607 sactis,
484 2547 518 2594 ut
531 2532 625 2606 vulgo
637 2531 836 2602 distinguunt,
854 2531 1010 2595 ordinibus
1027 2534 1170 2598 consilto.-

190 2629 240 2676 tos
257 2617 450 2685 extenderunt
477 2632 536 2692 qua
555 2615 672 2675 ratione
695 2614 783 2673 etiam
803 2612 1011 2678 subdiaconos
1031 2619 1170 2684 includit.

189 2695 235 2754 lta
249 2697 323 2758 Diri.
340 2713 388 2773 3¹·
406 2698 480 2761 Can.
496 2711 559 2777 14.:
587 2693 687 2757 Alista
695 2692 727 2776 se
744 2692 936 2760 Orientalium
947 2697 1074 2761 malitia
1086 2697 1171 2765 balet
1254 2694 1255 2697 '

193 2775 399 2853 scelestarum,
420 2781 510 2845 aliter
524 2778 606 2857 bpjas
619 2775 648 2845 S.
659 2775 697 2839 R·
705 2775 840 2854 Ecciessae.
869 2779 1058 2843 Nascuntur
1070 2781 1171 2849 Sacer-

192 2861 290 2934 dotes,
310 2859 438 2925 Diacosi
452 2865 486 2931 is
500 2859 669 2923 subdiaconi
684 2863 868 2923 matrimonio
881 2865 1069 2944 comantur,
1089 2866 1171 2942 illisas

194 2962 290 3006 aurern
304 2942 428 3017 Etciessae
448 2949 493 3008 uel
510 2943 736 3007 occidentalium
753 2942 1081 3009 sallustianorum
1097 2950 1170 3013 sal·

189 3029 308 3090 diatono
331 3030 476 3111 affluenti
493 3029 653 3113 Episcopatus
674 3025 933 3103 linostimam,
952 3030 1094 3115 coniugam
1101 3036 1171 3118 sor.

189 3111 296 3176 ciendi.
336 3113 409 3174 vid.
424 3111 454 3177 ἃ
467 3113 543 3176 cm.
574 3109 708 3174 Omnian
720 3106 906 3188 Sacerdotem
920 3115 979 3183 isc.
1001 3115 1030 3177 dt
1050 3114 1171 3198 Eiabefi

194 3212 263 3257 cans
277 3199 357 3276 impii
370 3197 429 3264 lp'c.
471 3199 551 3279 Quin
566 3195 597 3259 dt
612 3212 716 3258 omnes
732 3199 855 3277 nursino
873 3195 1012 3260 Clericus
1029 3214 1063 3260 ea
1079 3200 1173 3262 inter·

1202 397 1207 434 l

197 3285 265 3342 dum
284 3280 483 3354 appellatione
498 3279 729 3350 comprehensos
743 3281 886 3355 reperies.
915 3281 959 3343 lta
972 3281 1171 3350 vreorunc·
1208 3314 1210 3319 ·

192 3361 315 3437 Lina:
337 3359 369 3424 Si
382 3362 498 3426 sollario
514 3361 747 3442 dcstdrrabarrra,
765 3381 854 3445 quase
867 3368 973 3443 rapine
988 3383 1086 3427 rnatu
1102 3368 1173 3429 alis·
1223 3417 1227 3426 .

194 3461 314 3516 aarum,
341 3465 398 3506 sos
417 3462 533 3506 tantuna
552 3436 869 3525 Sardanapalum
889 3452 976 3509 arias·
996 3448 1172 3514 hiemi
1230 3500 1232 3505 .

196 3528 374 3588 Sacerdotes
389 3529 488 3590 Laicis
500 3533 640 3603 opponit,
656 3528 795 3592 clericos
808 3533 988 3607 intelligens.
1009 3534 1067 3597 Sed
1082 3535 1174 3613 lenas

194 3611 283 3672 aliter
299 3610 349 3670 hle
368 3614 516 3687 Optatus,
535 3617 585 3689 qui
609 3626 736 3674 ceteros
757 3615 890 3676 omniurn
909 3613 1072 3693 ordinum,
1095 3633 1175 3697 quos

197 3709 302 3757 omnes
317 3695 471 3758 Ministtos
486 3695 633 3769 appellat,
654 3712 670 3755 a
685 3695 862 3775 sacerdotio
879 3698 995 3760 disertis
1008 3702 1111 3763 verbis
1125 3719 1176 3762 ex·

181 3778 310 3836 cludit:
333 3795 389 3839 nec
411 3782 508 3840 minus
530 3792 631 3839 exerte
650 3777 857 3843 Diaconotuna
873 3780 1015 3864 Ordinem
1036 3798 1175 3861 tanquam

197 3861 318 3922 tertium
333 3861 499 3924 sacerdotii
513 3864 635 3937 pradum
651 3865 813 3935 constituit.
855 3863 935 3925 cho
952 3869 1045 3945 igitur
1060 3867 1096 3927 ad
1111 3867 1176 3942 dip-

95 4004 97 4007 .
196 3944 329 4018 nitatem·
339 3944 546 4031 Disconoruot
559 3946 761 4105 pengoegq&
777 3964 815 4015 eo
829 3948 936 4013 referri
948 3951 1193 4097 debeamus
