2784 4625
196 481 317 606 meus
335 491 525 598 condidit.
564 492 712 579 ‚Nulla
728 492 797 581 hic
815 490 949 606 spolia,
977 516 1120 608 raptus
1136 490 1270 583 nulii:-

198 613 320 720 nullae
331 608 553 695 manubiae:
571 608 833 718 amajoribus
850 608 951 694 nihil
968 614 1168 721 apparati:
1191 608 1269 696 do*

179 756 254 821 na,
264 751 465 840 perquam
481 725 640 834 exigua,
662 721 799 834 reapse
815 727 943 837 igitur
974 725 1116 811 itidem
1137 724 1262 815 nulla.

198 844 348 931 Omnia
379 839 561 923 nummis
598 863 777 922 coemta:
823 838 931 922 bona
967 859 1114 925 eorum
1152 864 1267 949 pars,-

198 983 297 1052 cum
319 951 519 1063 vestigalia
543 976 744 1062 perquam
775 951 936 1037 modica
961 952 1098 1069 adhuc
1122 950 1263 1058 effent,

154 1089 157 1094 ’
195 1076 284 1173 imo
300 1061 608 1182 propemodum
631 1061 737 1150 infra
754 1065 976 1170 modum„

220 1203 229 1282 j
313 1186 497 1265 “Annus
515 1178 639 1287 hujus
664 1177 785 1263 seculi
887 1179 1022 1268 xvu.
1140 1199 1262 1294 quat·

196 1320 264 1386 tus
283 1294 494 1411 agebatur,
524 1320 621 1376 eum
640 1298 737 1378 tanti
755 1296 892 1404 operis
909 1289 1012 1381 fadia
1031 1294 1121 1381 sunt
1137 1297 1263 1383 initia.

110 1453 117 1462 r
194 1413 296 1508 Erat
310 1417 343 1493 is
360 1432 492 1492 annus
514 1404 752 1502 sanuiffimo
771 1408 878 1495 Duci
895 1414 985 1502 vitu
1000 1408 1137 1496 vsextus
1154 1413 1261 1502 vice·
1296 1477 1299 1482 .

135 1553 138 1558 ·
194 1526 343 1631 ίίιῃυε;
373 1547 466 1635 quae
484 1545 578 1606 aetas
599 1520 886 1634 ¹voluptatibus
909 1548 979 1609 aut
1003 1521 1172 1609 ludicris
1198 1528 1258 1610 in·
1292 1564 1300 1579 ⁴

194 1664 307 1725 tenta
330 1635 671 1749 plerumqueest,
701 1637 894 1731 rariffime
908 1636 1023 1723 libris
1040 1652 1271 1751 conge'ren·.

194 1751 279 1854 dis,
316 1754 358 1836 in
385 1754 618 1860 principum
652 1748 870 1859 praesertim
903 1752 1066 1854 ordine,
1111 1776 1157 1836 ut
1193 1751 1275 1844 illes

197 1864 335 1959 'multo
356 1864 549 1977 pluribus
558 1864 615 1948 est
624 1863 831 1962 obnoxius
843 1870 1034 1951 vitiorum
1044 1863 1264 1954 illecebris.

192 1979 334 2068 Potior
358 1975 584 2088 ampliffimi
602 1975 1261 2066 DucatusBrunsuico·Lunebur·

195 2099 277 2209 gici
296 2118 391 2204 pars
409 2090 682 2203 poffidebatur
696 2091 749 2177 ab
759 2096 936 2206 agnatis.
983 2093 1160 2202 Pateflrae
1179 2092 1261 2192 haef

106 2293 109 2302 s
193 2208 373 2294 rediretis
414 2206 666 2317 potissimurn
701 2204 867 2320 >cesserat
905 2204 1017 2292 fratri
1064 2209 1274 2308 maximo..

168 2389 171 2394 -
192 2325 286 2410 Nee
303 2320 382 2407 ulia
398 2319 474 2406 sese
491 2319 556 2405 vel
574 2324 736 2409 eminus
763 2322 997 2407 ostendebat
1013 2320 1102 2435 spes
1109 2314 1136 2417 ‚'
1151 2319 1264 2427 fore,

191 2461 241 2524 ut
270 2434 446 2522 extincta
474 2429 657 2538 fratris·,.
679 2435 819 2529 multo
853 2441 989 2523 minus
1010 2461 1269 2552 agnatorum.

182 2551 328 2664 eliqua
351 2538 488 2647 domo'
504 2596 571 2614 ·····
572 2640 575 2645 ,
595 2575 773 2660 quarum
799 2554 955 2664 quippe
981 2550 1259 2663 unaquaelibet

190 2665 331 2755 multa
346 2662 484 2748 sobole
511 2659 684 2746 mascula
710 2663 913 2767 instrucre,
933 2692 1039 2778 pene
1063 2668 1259 2759 aeternita-

191 2801 277 2881 tem
302 2775 676 2889 pollicebatur-suae
701 2777 919 2886 posteritati
1024 2782 1065 2865 in
1089 2780 1259 2894 pinguis

189 2890 364 3000 alicujus
384 2892 611 3002 provinciae,
624 2890 911 3000 ‘poffeffio'nem
929 2893 1120 3006 Princeps
1141 2892 1258 3004 juve·

137 3012 143 3081 ί
190 3009 253 3092 nis
274 3003 490 3118 aliquando
509 3003 788 3108 succederet„

160 3158 162 3163 ·
305 3120 388 3203 “ln
413 3117 513 3202 aulae
538 3115 672 3202 sedem
697 3143 904 3231 acceperat
928 3124 1112 3231 optimus
1142 3120 1254 3215 Prin·

185 3258 284 3342 ceps
307 3231 572 3324 Hizkerium>
611 3233 833 3345 utvulgus
853 3233 1098 3326 ¹contraifitim
1122 3233 1266 3347 loqui·-

139 3376 146 3385 ·
193 3371 263 3430 tur
345 3346 554 3430 latronum
573 3344 669 3429 olim
688 3344 933 3460 confugium
1031 3351 1097 3434 cui
1116 3351 1257 3462 genui

187 3485 289 3545 num
312 3458 464 3544 nomen
480 3460 796 3563 Haiddesacker‚
824 3463 934 3574 quast
952 3487 997 3549 tu
1013 3459 1134 3547 latine
1152 3460 1254 3548 Hid-

187 3571 307 3658 donis
326 3599 474 3689 agrum
490 3574 759 3684 appellius„-
880 3614 882 3621 ·
1224 3593 1230 3621 ‘

259 3722 261 3726 ·
288 3689 406 3773 ‘uua
423 3711 558 3787 atate,
595 3685 767 3779 inante
789 3685 1038 3788 conditione,
1068 3685 1253 3774 illoloco

183 3808 267 3897 erat
285 3801 490 3912 Princeps,
520 3805 616 3887 cum
636 3828 742 3912 opus
760 3800 1130 3916 magnisduntarrat
1148 3806 1254 3915 regi·

182 3913 285 4021 bus,-
318 3942 393 4003 nec
417 3915 839 4027 corum.nis1⁴.paucis,‚
866 3917 1253 4116 tentorumhmpiliri

293 4076 298 4085 ·
446 4056 454 4074 ²
686 4056 697 4071 ·'
809 4064 813 4072 ¹
963 4064 965 4071 ·
1112 4057 1165 4116 au
