2784 4625
520 323 738 391 ΞΕ·
863 368 872 406 t
1038 343 1164 417 :mv

128 491 421 583 iterationibus
432 496 679 608 pergimus,
717 488 828 580 oculi
852 495 1002 584 mentis
1030 501 1163 591 obnu·
1230 565 1233 578 .

129 610 359 712 ilabumut,
388 614 431 701 oz
455 634 592 722 neque
623 613 855 708 veritatem,
896 636 1033 722 neque
1063 643 1161 706 con·

129 723 463 811 >rdiamcetnete
482 747 688 837 poterunt.
748 722 915 807 luterim
941 725 991 810 de
1017 728 1159 835 rebus,

129 867 189 926 uae
209 837 293 926 sciri
311 862 540 953 nequeunt,
569 834 714 922 sufficit
732 836 907 937 novilla,
936 844 1051 952 quod
1071 845 1161 931 sciti

129 978 353 1068 equeanta„
436 999 441 1018 ι

208 1068 288 1152 His
316 1066 456 1179 paucis
484 1087 586 1176 puto
609 1058 725 1146 lineis
750 1065 888 1148 virum
916 1061 988 1148 tibi
1014 1091 1158 1179 repra·
1256 1082 1259 1086 ’

130 1185 245 1274 :ntavi
264 1185 316 1264 ita
342 1203 388 1265 ut
411 1183 480 1263 vix
505 1176 634 1276 aliud,
664 1203 751 1289 quo
775 1177 922 1292 melius
949 1205 1057 1266 eum·
1073 1179 1158 1265 nos·

130 1320 176 1396 is,
210 1293 496 1382 desideraveris
514 1294 682 1405 imagini
702 1289 805 1375 addi.
863 1291 997 1378 Placet
1020 1298 1157 1403 potius

130 1407 333 1493 nadverso
358 1432 469 1495 nunc
490 1405 712 1493 Calovium
731 1407 892 1507 intueri,
917 1406 1158 1493 adversario·

131 1548 191 1609 im
211 1524 339 1629 princi
372 1548 438 1604 em
458 1520 500 1608 δι
520 1519 939 1618 contumacillamum‚
968 1520 1062 1634 ipsis
1083 1520 1156 1606 ad·

131 1649 177 1721 u'c
202 1546 386 1720 defunlli
405 1632 602 1718 Manibus
619 1627 811 1719 infestum
833 1631 876 1718 δι
901 1632 1155 1744 injuriosum.

131 1754 235 1834 aevis
258 1749 313 1834 est
330 1744 601 1832 deambulatio
627 1744 836 1849 comisto,
867 1746 909 1833 81
937 1772 1044 1833 meta
1070 1775 1155 1833 nar·
1191 1764 1201 1774 ·

131 1866 243 1948 moui
270 1860 433 1974 praelixa
460 1860 663 1972 paullatim
688 1861 898 1948 imminet:
943 1888 1026 1946 non
1053 1888 1156 1975 ergo

131 1999 231 2079 teat,
257 2002 331 2060 nec
354 1978 472 2059 etiam
496 1973 611 2083 juvat
634 1976 772 2058 virum
799 1972 944 2087 ipsum,
966 1999 1014 2062 ut
1035 1974 1075 2060 se
1104 2003 1157 2064 eat

135 2093 254 2201 tiptis
273 2090 349 2173 suis
375 2086 457 2200 ipse
478 2088 611 2189 nobis,
640 2086 771 2200 qualis
790 2087 835 2173 fit
856 2089 1018 2201 prodat,
1042 2089 1156 2175 velut

132 2206 173 2288 iae
191 2199 345 2299 loeium
362 2202 403 2288 δι
420 2201 729 2301 collocutorem,
752 2200 917 2314 qualem
943 2201 1155 2308 Calixtum
1253 2288 1261 2300 ,

132 2316 234 2402 lbuc
260 2317 481 2402 habuimus
504 2316 622 2401 nobis
647 2316 772 2424 adjun
807 2341 886 2400 ete.
961 2316 1031 2402 Est
1055 2318 1180 2402 mihi·

132 2430 147 2516 l
163 2456 333 2516 manum
352 2433 569 2546 panegytis
583 2428 755 2517 Calovio
772 2342 920 2539 lielua
941 2429 1055 2514 natali
1073 2428 1155 2542 sep

132 2545 320 2659 aagefima
345 2570 487 2659 quarta
511 2543 670 2636 habita,
698 2565 822 2657 atque
840 2570 891 2628 eo
912 2570 1078 2628 mortuo
1097 2547 1155 2652 tyss

133 2663 158 2743 is
176 2659 268 2744 data
285 2687 307 2743 a
324 2657 355 2742 F
357 2658 528 2744 riderico
545 2660 740 2770 Mayem,
788 2658 936 2743 Herois
955 2658 1078 2761 huius
1099 2659 1157 2744 lui
1236 2710 1251 2728 ι

133 2772 355 2886 iCollegio
387 2773 710 2885 Theologorum
735 2768 1156 2885 Wittenbergenfium

133 2889 218 3001 uio.
265 2886 589 2998 Intelligentibus
603 2885 654 2975 ad
671 2888 814 2971 vivum
837 2885 1024 2971 exhibuit
1040 2911 1156 2998 pane·

133 3001 269 3101 pristes
294 3001 506 3086 hominem
529 2996 792 3107 bellicosum3
843 3020 918 3084 nec
943 3025 1050 3110 opus
1082 3006 1157 3081 etit

134 3116 170 3199 la
197 3117 387 3228 imagine.
444 3116 600 3202 Contra
630 3110 973 3225 exspellationem
1006 3136 1158 3224 ceteto-

134 3231 199 3313 uin
221 3228 321 3314 boni
339 3226 461 3338 hujus
484 3226 653 3339 Mayeti
669 3231 852 3332 eveniet,
890 3251 936 3312 ut
963 3253 1047 3312 non
1070 3250 1156 3313 om

134 3364 173 3427 es
195 3340 393 3429 Leuores
416 3339 660 3453 applaudant
687 3340 817 3428 Heroi
845 3344 927 3427 tam
950 3334 1157 3424 artificiosa

138 3478 268 3570 mque
280 3449 465 3564 speciosa
487 3483 510 3540 a
534 3453 571 3539 se
599 3459 797 3567 panegyri
815 3453 1040 3568 celebrat03
1069 3481 1156 3541 om·

137 3567 301 3682 umque
327 3573 515 3670 minime,
569 3571 641 3678 qui
673 3566 765 3654 sunt
795 3568 965 3654 laudum
997 3568 1156 3655 homini

135 3683 360 3782 botarum,
390 3685 462 3796 qui
479 3685 740 3781 meritorum,
758 3680 869 3768 unde
884 3680 1024 3770 laudes
1045 3709 1157 3794 repe·
1231 3689 1237 3698 '

135 3821 264 3899 mtut,
293 3796 385 3907 justi
416 3797 459 3881 δι
489 3797 615 3909 aequi,
654 3820 839 3907 quorum
857 3796 1009 3923 judicia
1031 3818 1156 3887 nemo
1267 3892 1270 3897 ,

138 3912 216 4000 tile
233 3908 455 4026 spreverit,
482 3911 817 4031 aestimatorem·
914 3961 919 3969 -
1031 4016 1066 4111 P

201 4043 213 4055 ‘
528 4080 532 4087 ·
641 4040 717 4114 Η
1064 4049 1145 4110 ν’
