2784 4625
192 341 961 433 ωι,ψ“-“-”“--·-“Ἶ“’
1290 214 1301 432 d

196 510 272 625 qui
290 504 380 617 e'jus
403 502 547 617 scripto
565 502 646 619 ipsa
666 506 828 618 procul,
842 496 1024 621 partium
1050 504 1183 593 studio
1208 507 1291 616 lo,¹

196 624 352 743 gerino,
381 623 607 736 virumque
626 624 669 708 io
693 648 791 706 cute
814 646 862 708 ut
889 621 1026 732 ajunt,
1058 625 1265 728 noverint,
1285 627 1300 738 33

196 741 357 854 quique
374 732 492 825 fimus
507 734 626 823 altius
642 737 686 820 in
702 733 944 850 Theologiae
962 735 1276 855 sacrariumpe·¹
1293 757 1300 828 ¹.-

196 853 471 954 ncttavcrint,
501 847 783 963 sciverintquo
794 863 998 969 quantum
1017 849 1163 945 distent
1185 879 1264 941 aeta
1295 855 1304 956 s

196 963 374 1086 lupinis,
404 959 808 1054 focilcaestimabunc
1294 971 1304 1082 3

316 1080 495 1183 Etenim,
521 1077 829 1192 quodaiterum
845 1074 1109 1179 accusationis
1141 1097 1265 1192 caput
1295 1086 1304 1190 s

197 1192 372 1298 adtinet,
402 1217 527 1281 nemo
544 1192 619 1279 hae
639 1194 773 1282 nostra
789 1214 902 1291 aetate
919 1191 1101 1296 dubitat,
1130 1193 1265 1286 multe
1297 1195 1304 1292 ,¹

200 1309 303 1399 olim
320 1312 421 1396 inter
438 1303 665 1419 Dudorcs,
695 1301 808 1393 sensu
832 1306 1083 1411 concordes,
1119 1309 1262 1398 verbis
1297 1317 1304 1410 i

164 1496 167 1504 .
197 1420 498 1524 dissentientes·
518 1418 711 1535 dogmata
727 1419 845 1510 fuisse
866 1419 1075 1535 disputata,
1106 1419 1158 1509 de
1179 1427 1266 1538 qui.-
1298 1433 1304 1486 i

197 1536 281 1628 bus
305 1549 433 1655 porro
458 1540 500 1625 in
527 1533 741 1625 academiis
773 1532 988 1650 disputari,
1033 1533 1303 1628 obsoletum„-

197 1653 271 1743 est.
329 1651 431 1761 Ejus
456 1652 618 1767 generis
644 1650 756 1759 sunt,
794 1677 888 1765 quae
912 1650 1269 1766 Justificationem,

199 1765 621 1883 quaequebonorum
637 1792 816 1884 opetum
833 1767 1121 1872 necessitatem,
1145 1769 1267 1857 meri-

198 1902 345 1973 tumve
370 1877 565 1993 spesiant.
959 1909 961 1913 ·
1171 1961 1173 1965 ,

318 1996 368 2083 ln
382 1997 519 2108 primo
541 2013 679 2082 autem
696 1989 958 2083 accusationis
983 1997 1134 2105 capite,
1164 1992 1268 2114 quid

201 2131 494 2225 quantumque
503 2110 694 2211 criminis,
711 2108 762 2197 de
776 2110 823 2197 iis
833 2106 1087 2224 quibuscum
1098 2107 1172 2197 tibi
1183 2135 1270 2200 nou

198 2226 246 2316 io
269 2222 467 2313 omnibus
495 2221 761 2334 dogmatibus
787 2226 1006 2326 convenit,
1038 2221 1268 2337 honorifice

199 2336 370 2431 sentire?
397 2336 500 2448 ipsas
518 2333 763 2426 differentias
781 2360 983 2453 quantum
1004 2338 1093 2426 fieri
1119 2338 1270 2447 potest,

198 2455 438 2542 imminutos
462 2451 596 2544 veile?
623 2451 814 2541 excusare
829 2454 1036 2555 &amate
1060 2477 1156 2535 cum
1176 2456 1268 2564 qui·
1292 2516 1304 2537 ,

151 2581 159 2587 ’
199 2564 623 2658 busincoocordiem
641 2566 907 2680 dogmatum,
936 2562 1270 2657 &ecclesistico
1301 2586 1303 2593 ·

200 2679 821 2793 communisvenirenequeas?
912 2718 955 2735 ··
1158 2688 1198 2753 ’ὴ
1284 2750 1286 2754 ,

135 2828 137 2832 ·
319 2793 447 2908 Quod
463 2795 623 2885 totaliis
643 2793 875 2903 majorum,
893 2791 1124 2907 nostraque
1147 2795 1270 2885 ctiam

198 2930 315 3000 aetate
333 2910 505 2998 mitioris
529 2932 660 3027 atque
671 2909 926 2997 humanioris
950 2908 1074 2993 animi
1097 2909 1193 2992 viris
1221 2910 1268 2999 iu

199 3027 330 3126 votis,
376 3023 694 3137 multorumque
718 3023 978 3111 moliminum
1001 3017 1149 3134 scopus
1170 3017 1267 3125 fuit,

200 3135 474 3228 dissentientes
491 3137 818 3233 Christianorum
830 3134 1041 3238 Ecclesas,
1062 3159 1269 3249 quantum

199 3253 288 3342 sieri
313 3248 465 3366 posset,
496 3278 773 3367 componere,
800 3250 862 3338 id
886 3248 1069 3339 Celixtus
1094 3274 1268 3370 quoque

198 3365 244 3459 &
263 3368 431 3483 optavit,
459 3369 502 3455 81
521 3365 683 3457 efficere
698 3363 857 3455 adnisus
874 3367 932 3452 est
947 3389 1023 3477 pro
1042 3362 1109 3452 sua
1126 3388 1257 3476 parte-t
1301 3440 1303 3445 .

319 3481 404 3592 Qsi
429 3479 598 3595 quidem
621 3479 787 3569 videtur
814 3479 918 3570 mihi
947 3482 1270 3593 congenitopri·
1297 3470 1303 3587 ζ

197 3618 318 3681 mum
347 3615 501 3686 natuoae
525 3595 727 3697 bonitate,
759 3595 802 3685 81
828 3597 964 3683 nativo
988 3595 1157 3708 ingenio
1180 3620 1268 3680 mo·

198 3705 456 3811 deratisfimo,
486 3713 610 3799 itaut
639 3706 814 3815 sentiret,
842 3730 1102 3824 preparatus,
1129 3707 1268 3820 postet
1299 3714 1304 3793 2:

197 3820 518 3941 peregrinando,
539 3824 802 3916 humanitatis
827 3823 984 3913 sensum
1001 3816 1168 3912 acuisse:
1196 3849 1268 3937 po·

201 3935 397 4031 tissimum
417 3958 556 4032 tutem
576 3941 756 4063 genuina
780 3936 967 4034 studendi
988 3937 1267 4145 ταὲἰοῐιοῆοοη·
1296 3994 1301 4057 3

1054 4075 1140 4142 rma
1173 4077 1210 4161 e,
1296 4062 1302 4169 '2
