2784 4625
553 348 779 406 ,ξ
1088 371 1213 432 [mu

143 515 518 619 rumnostrorum,
587 541 651 602 uae
675 519 802 602 totius
818 509 999 630 Europe
1014 513 1211 603 incendio
1271 569 1273 576 ·

142 630 349 748 pabulum
384 541 703 717 subministrare·
726 627 947 731 videntur,
994 627 1211 744 sopiendo,

142 770 237 849 aut,
267 744 296 831 st
315 772 360 829 ea
376 743 464 858 spes
482 747 603 831 nimis
627 744 735 831 vasta
754 745 836 846 est,
876 740 1005 830 saltim
1020 748 1211 834 minuens

144 860 463 972 docogitemus.
508 856 701 945 Dubium
725 862 835 944 enim
854 855 1019 944 nullum
1036 861 1106 964 est,
1130 881 1210 945 nos

143 999 219 1088 per
243 998 436 1062 mutuam
463 972 574 1059 illam
601 971 999 1059 vehementissimam
1034 974 1076 1059 dt
1091 1000 1213 1061 acen

144 1090 345 1176 bissimam
369 1091 602 1175 animorum
630 1087 966 1175 abalienationem
994 1089 1213 1198 pristinum

146 1205 278 1318 gentis
296 1204 441 1289 nostrat
462 1202 607 1305 decus,
648 1206 754 1317 quin
781 1228 949 1288 omnem
975 1198 1211 1313 prosperita·

146 1343 230 1406 tem
246 1318 461 1430 paullatim
477 1322 686 1421 amittere,
718 1316 762 1402 dr
783 1314 1110 1428 nobismetipss,
1141 1343 1211 1429 pa·
1244 1407 1247 1414 ,

146 1434 317 1545 triaque
331 1431 529 1520 universa
547 1434 784 1542 perniciem,
816 1430 859 1516 81
883 1432 1126 1535 πανολιθριαν
1149 1458 1213 1518 ac··

145 1542 313 1635 tersere.
371 1544 680 1632 Internecinum
699 1543 810 1631 istud
835 1543 977 1631 odium
1005 1546 1212 1662 mitigabi-

145 1683 233 1764 tur,
279 1659 465 1774 srp'alam
491 1659 579 1762 siat,
617 1658 775 1763 asteris,
810 1663 894 1773 ¹qui
920 1658 995 1746 alia
1018 1665 1210 1764 credunt,
1286 1723 1288 1728 -

107 1787 112 1834 ²
148 1801 276 1889 quam
297 1774 425 1878 alteri,
443 1773 591 1877 causas,
622 1799 751 1887 quare
769 1772 1010 1868 comedant,
1036 1801 1121 1862 non
1144 1775 1213 1863 dei

108 1839 116 2007 ι
152 1885 238 1978 effe.
297 1890 739 2087 Extinpuotur'autem
761 1892 946 2000 penitus,
971 1890 998 1977 s1
1019 1916 1112 2002 quae
1134 1884 1214 1978 suf*

148 2001 328 2092 ficientes
352 2029 509 2107 cauas,
546 2026 676 2117 quare
695 2001 934 2107 credantur,
971 2003 1124 2090 habere
1142 2003 1216 2090 ἀοι

95 2145 99 2179 1
148 2116 486 2233 prehenduntur,
517 2140 607 2217 aut,
636 2116 754 2231 quod
769 2117 916 2205 eodem
935 2118 1092 2220 recidit,
1115 2118 1215 2208 valia

95 2258 99 2272 ·
148 2231 219 2338 de,
267 2231 545 2323 &evidenter
573 2233 739 2346 probari
769 2229 953 2348 possunt,
994 2234 1046 2320 ab
1078 2233 1214 2320 alteris

95 2354 102 2407 ²
151 2372 323 2463 quoque
347 2353 544 2459 quamvis¹
572 2345 781 2458 repudiata
810 2345 1031 2450 haetenus,
1072 2345 1217 2463 admit·

95 2488 106 2504 ·
149 2483 311 2573 tantur;
348 2461 462 2548 alteri
498 2485 638 2557 autem
665 2461 861 2564 vicissim,
912 2488 1006 2576 quae
1038 2460 1215 2550 adeum

95 2582 114 2638 ¹³
149 2577 325 2663 modum
354 2575 533 2688 probare
565 2577 858 2690 nequiverint,
901 2574 1098 2679 credero,
1143 2572 1215 2661 vel
1251 2686 1254 2692 ι

94 2693 106 2796 ‚⁵
150 2687 276 2777 saltim
292 2688 428 2777 alteris
446 2688 648 2776 credenda
665 2688 893 2775 obtrudere
913 2689 1105 2780 definant.
1144 2691 1217 2778 Esi

94 2714 123 2931 Ι)
148 2830 248 2893 vero
272 2830 357 2890 non
379 2804 508 2913 modo
533 2807 702 2916 ingenui
720 2804 927 2907 candoris,
958 2802 1024 2890 sed
1049 2805 1092 2892 ἃ
1119 2830 1216 2919 pro·

94 2894 113 3031 [ξ
150 2918 358 3022 divitatis,
395 2918 446 3005 ad
470 2944 644 3035 quama
677 2944 821 3004 natura
847 2915 942 3006 fasti
975 2917 1136 3013 sumus,
1165 2941 1217 3007 ut

94 3054 98 3069 '
152 3037 314 3150 quique
332 3059 424 3143 quae
442 3060 465 3119 e
486 3035 804 3147 principiisque
823 3031 902 3129 sola
924 3030 1006 3232 ipse
1026 3058 1149 3135 certa,
1171 3034 1218 3120 de

94 3198 95 3203 κ
149 3172 249 3234 vera
265 3144 467 3260 agnoscat,
496 3146 708 3260 perspicue
725 3144 872 3236 deduci
889 3149 929 3231 vi
960 3150 1048 3241 erit,
1071 3145 1218 3235 luben·

151 3284 211 3348 ter
235 3260 442 3348 admittat:
504 3289 566 3347 uae
592 3287 694 3345 vero
719 3261 813 3348 inde
838 3260 950 3347 nulla
973 3259 1125 3348 efficaci
1156 3288 1218 3363 ra,-

102 3356 110 3451 ὓ
152 3379 264 3461 tione
287 3376 379 3461 elici
405 3288 516 3488 pesile
544 3373 805 3477 intellexerit,
841 3373 953 3463 missa
980 3372 1117 3478 saciat,
1148 3368 1219 3467 vel

94 3544 95 3551 κ
151 3515 263 3580 certe
281 3493 368 3601 pari
390 3516 489 3577 cnm
505 3490 718 3603 prioribus
735 3490 831 3577 loco
853 3517 937 3576 non
958 3488 1153 3594 habeat„

103 3538 112 3693 f
270 3605 406 3694 “Duo
423 3630 524 3692 vero
542 3602 633 3691 sunt
648 3608 868 3717 principia,
899 3629 992 3718 quae
1021 3608 1222 3802 nonquam

105 3696 113 3863 k
155 3718 367 3823 certiffima
390 3722 435 3810 dr
461 3744 575 3808 extra
597 3745 768 3806 omnem
796 3718 1063 3807 dubitationis
1087 3743 1220 3809 acam

104 3884 108 3895 ·
151 3833 282 3951 posita
305 3837 517 3950 utrimque
533 3832 811 3934 admittimus,
850 3860 944 3948 quae
969 3838 1089 3920 etiam
1116 3828 1221 3921 suffi·

154 3976 249 4046 cere
273 3950 506 4056 credimus,
552 3971 601 4043 ut
627 3947 930 4068 nequidemdt
954 3948 1167 4077 piatione,
1196 3970 1222 4038 t
1300 4054 1302 4067 Ι

96 4108 103 4149 t
704 4130 707 4135 ·
1074 4087 1164 4181 qul·
