2784 4625
127 325 210 414 -53
479 327 509 374 ·:·
533 305 849 389 honorariorum
936 331 945 382 t

155 500 226 585 pag.
239 491 296 573 19.
324 461 362 546 0
379 454 502 550 tabs'da
518 465 652 548 futo'ri'r
667 472 831 548 audaciai
941 498 943 503 ·

198 580 272 642 flet
288 573 398 653 scripta
410 574 476 657 iurat
488 577 525 634 ab
540 572 723 649 imperatore
737 576 932 638 Constantino
945 574 1011 648 pud
1022 572 1224 652 synodi-nee-

237 658 357 722 lateusia
373 658 541 734 iuditium
560 656 611 719 sed
633 677 700 737 quae
723 663 759 721 ad
776 675 839 721 eam
852 661 1004 739 Synodum
1020 660 1225 730 pertinebant,

239 741 380 817 optatum
395 743 528 804 latuere:
548 745 628 804 uade
645 741 676 803 dt
692 744 722 804 sn
739 740 999 820 coliancarthag.
1013 744 1052 799 de
1065 742 1225 803 Areirten·

239 827 277 892 ἧς
292 825 410 902 iudicio
425 824 501 885 nihil
514 824 623 890 diduco
635 827 694 898 esi3
712 828 793 903 quod
809 845 870 888 non
884 824 1224 895 sitissetpraetermisium,

236 906 366 998 dhusua
381 909 560 971 mentionem
577 905 691 971 fecisset
705 909 842 980 Optatua.
860 910 899 971 do
910 910 975 976 Pin.
996 943 1034 960 -
1059 903 1160 986 Quare
1177 910 1224 967 di·

240 993 285 1055 eta
298 987 459 1064 videntur,
480 1007 547 1054 cum
563 994 599 1053 ab
618 994 671 1056 illo
693 991 855 1069 Concilio,
882 994 912 1058 dt
935 1011 995 1056 non
1017 1008 1084 1055 cum
1100 1006 1124 1051 -a
1144 992 1225 1052 Mel·

240 1076 348 1140 ehiade
361 1079 403 1136 ad
421 1071 631 1148 imperatorem
647 1075 835 1149 appeliadeot
849 1077 1021 1139 Donatiiiae.
1044 1073 1160 1156 Aiiasp.
1188 1106 1226 1122 -

239 1159 330 1221 Hunc
344 1160 444 1220 iocum
465 1161 495 1219 in
508 1160 603 1233 priori
619 1161 755 1222 editione
773 1160 814 1222 fi'c
828 1163 1003 1231 emendavi,
1024 1174 1114 1238 atque
1132 1158 1223 1218 etiam

120 1309 123 1316 ,
187 1269 193 1281 ·
240 1242 370 1305 hiantem
397 1241 536 1315 expleri,
558 1245 667 1305 additia
691 1259 727 1302 ex
741 1240 867 1320 auti'que
882 1246 1044 1316 exemplari
1067 1244 1135 1314 hia,
1156 1255 1223 1319 que

130 1327 133 1332 ’
240 1326 497 1396 defiderabantut,
517 1326 641 1398 verbio,
661 1325 876 1407 appeliationem
891 1328 1083 1406 interposuere
1090 1346 1102 1398 ς
1130 1336 1223 1399 atque

240 1411 443 1483 improbavi,
461 1406 654 1484 rejiciendam
668 1408 724 1470 effe
738 1408 892 1484 cujusdam
906 1413 1039 1493 alioquin
1053 1408 1164 1475 eruditi
1177 1409 1225 1468 ia·

113 1499 116 1504 '
240 1493 382 1567 terpretir
405 1493 502 1569 legum
517 1490 736 1567 conj'ediurarn‚
764 1495 930 1556 divinando
947 1494 1084 1571 {ingentia
1100 1508 1137 1552 ex
1150 1489 1223 1552 saise

236 1591 374 1642 motarum
386 1571 551 1648 suspicione
566 1578 713 1651 quandam
727 1592 836 1638 noram
850 1579 1027 1644 mitiorem,
1044 1593 1110 1656 que
1124 1588 1223 1634 tamen

241 1677 304 1722 non
316 1655 461 1736 tonfistat.
482 1658 651 1737 utauruu.
666 1662 751 1728 dicit,
760 1661 978 1726 Donatistarum
994 1663 1097 1721 rabida
1111 1659 1141 1720 in
1156 1655 1223 1717 cea

144 1819 148 1824 g
239 1745 379 1806 cilianiam
396 1758 449 1804 ora
465 1741 561 1804 fuisse.
603 1744 683 1802 Hinc
699 1759 761 1806 non
776 1747 886 1812 miror,
908 1746 992 1825 quod
1008 1742 1222 1809 conuertitur

238 1829 370 1892 rabidam
388 1823 500 1886 furorir
514 1827 664 1887 audaciam
680 1828 710 1887 in
726 1828 765 1901 iia
781 1829 935 1896 accusarit.
955 1823 1043 1897 Reid.
1156 1825 1158 1830 ’

126 2001 128 2008 y
156 1911 235 1991 uid.
260 1907 539 2005 appellationem
557 1906 862 2002 interposuerunt.

104 2027 106 2032 “
198 2011 312 2078 Desunt
324 2009 389 2070 hcc
406 2010 436 2068 in
453 2007 518 2068 MS.
533 2003 562 2072 S.
572 2009 611 2071 T.
626 2008 656 2070 δι
670 2009 739 2071 Ρ.8.
766 2010 811 2070 'In
826 2010 892 2072 MS.
909 2011 939 2072 S.
950 2009 987 2072 G.
1002 2010 1112 2087 legitur
1129 2007 1226 2087 eppei·

239 2090 357 2176 lardum
372 2089 424 2170 effe
438 2089 587 2172 Episcopus
604 2091 731 2166 credidit
745 2092 779 2160 U
790 2109 903 2158 terrra.
941 2096 973 2155 sn
990 2091 1121 2166 Epistola
1134 2087 1223 2152 ¹Con·

128 2182 138 2209 ‘
240 2176 357 2243 siantini
384 2179 420 2235 ad
444 2171 612 2247 Episcopus
635 2175 774 2256 Ecclesiae
796 2177 964 2238 Catholicae
986 2178 1049 2237 haec
1073 2176 1224 2237 habentur
1264 2173 1266 2188 '

237 2260 341 2336 verba,
352 2273 386 2320 ut
399 2259 451 2322 hic
464 2261 495 2320 io
511 2260 602 2322 editis
616 2262 803 2339 reseruntur,
823 2263 903 2327 unde
919 2260 996 2326 nihil
1009 2262 1224 2327 immutandum

240 2347 387 2408 duximue.
578 2365 579 2369 ¹
702 2364 709 2396 i

156 2451 233 2531 ibid.
258 2447 399 2522 Eodem
417 2456 584 2540 tempore
605 2444 700 2519 idem
722 2447 891 2520 Donatus
913 2445 1038 2538 petiit,
1063 2456 1105 2518 ut
1120 2447 1153 2525 ei
1169 2463 1225 2523 rm

152 2596 155 2601 -
210 2549 303 2622 verti
322 2543 490 2632 licuisset.
517 2545 633 2618 &nec
648 2547 690 2619 ad
706 2543 955 2640 Carthaginem
971 2548 1171 2625 accederet.

200 2654 245 2722 lta
261 2651 291 2708 in
307 2649 370 2707 MS.
387 2647 416 2706 S.
427 2647 465 2706 G.
509 2646 541 2706 in
557 2646 641 2708 MSS.
657 2641 734 2708 M.
752 2646 782 2708 dt
797 2646 829 2706 P.
842 2648 871 2709 S.
888 2647 1014 2719 iegitur,
1033 2659 1067 2702 ue
1080 2647 1107 2703 ri
1121 2663 1223 2705 rever.

239 2734 316 2791 tenti
329 2729 369 2788 ad
381 2725 583 2811 Carthaginem
595 2734 785 2813 contingeret.
822 2730 913 2808 Quod
929 2743 995 2787 curn
1014 2725 1095 2802 sensu
1111 2745 1223 2806 careat,

239 2820 271 2879 in
285 2813 376 2875 editie
390 2816 574 2874 emendatum
590 2813 650 2884 esi,
677 2828 711 2872 or
724 2814 751 2872 ei
764 2815 875 2874 reumei
884 2811 923 2872 ari
936 2805 1046 2869 Cartha
1066 2814 1140 2871 inere
1153 2832 1224 2872 corr.

240 2903 377 2980 tingeret.
420 2896 478 2956 Sed
500 2894 688 2960 verifimsliua
709 2898 772 2970 est..
794 2898 943 2959 Donatum
961 2830 1074 2970 periisse
1088 2908 1224 2968 tantum,

237 2997 273 3047 ut
295 2980 348 3041 sibi
374 2984 404 3042 in
427 2982 560 3040 Atticam
579 2997 711 3042 remeare
730 2981 837 3043 licerer
860 2997 894 3039 ea
916 2981 1113 3051 conditione,
1134 2993 1168 3040 ut
1184 2981 1223 3045 ad

240 3065 448 3140 carthagi-nent
469 3078 531 3122 non
547 3066 726 3134 ¹accederem
748 3065 831 3138 quod
847 3081 884 3123 ex
897 3062 1087 3137 sequentibus
1104 3064 1225 3136 colligi.

240 3164 308 3213 tur:
336 3165 400 3207 nam
419 3146 483 3218 post
500 3145 563 3206 haec
578 3148 706 3221 Optatus
720 3146 879 3216 observat,
900 3145 1052 3208 Donatum
1075 3147 1141 3218 post
1164 3146 1224 3207 dis·

239 3231 346 3296 cessum
359 3231 499 3289 Eunomii
515 3229 685 3305 &olympii
700 3230 830 3302 priorem
846 3231 883 3289 ad
899 3228 1107 3306 Carthaginem
1117 3229 1226 3290 rediis-

239 3318 288 3388 se,
301 3314 343 3383 dt
360 3316 421 3375 hoc
438 3313 541 3373 audito
558 3311 751 3377 Caeciiianum
768 3314 828 3372 huc
846 3313 934 3372 etiam
950 3311 1126 3385 properasse.
1141 3313 1223 3377 Hinc

237 3414 338 3473 patet,
359 3411 504 3459 retentum
521 3412 580 3457 non
596 3395 679 3456 fuisse
694 3397 801 3457 Brixiae
813 3394 1077 3466 Caetiiianum,nisi
1092 3397 1161 3474 quia
1176 3397 1223 3455 in·

237 3485 370 3561 junctum
386 3494 447 3540 erat
463 3478 604 3548 Donato,
626 3497 662 3538 ne
684 3479 890 3555 Carthaginem
908 3481 1076 3537 accederet.
1103 3480 1135 3537 In
1148 3479 1224 3541 Col·

234 3560 354 3634 ¹latione
369 3560 613 3642 Carthaginensi,
633 3565 684 3624 uhi
699 3564 846 3634 prosatum
863 3562 904 3622 est
918 3562 992 3620 istud
1009 3563 1223 3636 testimonium.

241 3653 281 3711 ita
295 3641 401 3708 ledum
418 3649 476 3718 esi,
497 3663 531 3707 ue
546 3650 573 3708 ei
587 3649 698 3707 reuerti
713 3642 845 3727 licuisset,
855 3646 888 3712 id
901 3645 941 3703 ad
957 3643 1159 3727 Carthaginem
1177 3664 1225 3705 er·

238 3731 368 3800 rederet:
388 3731 556 3809 quaeiediio
573 3732 709 3805 proxime
723 3732 840 3791 accedit
857 3732 892 3791 ad
907 3730 1052 3803 nostram,
1073 3730 1125 3791 nid
1137 3729 1223 3808 quod

239 3818 303 3889 levi
321 3828 422 3878 errore
440 3830 495 3887 pro
512 3817 656 3887 particula
672 3814 843 3874 meledium
864 3813 905 3871 est
920 3825 968 3885 et,
996 3818 1078 3888 quod
1098 3812 1226 3893 Donati·

206 3896 208 3901 '
239 3900 291 3968 iiia
309 3899 494 3958 occasionem
512 3902 637 3973 praebuit
652 3896 805 3967 asserendi,
817 3901 1024 3967 imperatorem
1039 3910 1144 3973 tonna
1160 3897 1228 3955 Cae·¹

244 3983 383 4055 tiliarum
396 3997 451 4061 pro
465 3981 587 4048 Donato
598 3980 752 4060 iudicade²
764 3983 874 4061 quippe
884 3977 1091 4056 quiDouatum
1103 3980 1229 4076 parthe·

1082 4079 1181 4146 ginesii
