2784 4625
120 349 346 423 ‚tcum
630 365 902 424 ““·’····’···.

202 529 274 592 ros
296 494 521 612 occupandi
540 499 707 601 ratione,
724 491 940 614 Paedagogi
963 492 1145 585 utentut.
1203 498 1271 587 Ut

200 614 563 702 enim-humilioris
587 613 834 698 conditionis
859 616 1003 725 pueris
1025 613 1075 697 ad
1099 611 1265 724 opificia

93 781 99 796 ·
201 732 403 818 destinetis
418 727 534 840 plura
550 728 771 839 aliquando
788 727 980 813 daturum
1004 728 1264 814 estcommo·

103 877 109 888 ·
202 846 265 945 da,
293 843 429 927 tenera
443 867 557 925 atate
572 839 758 926 dedicisse
775 869 852 927 acu
872 865 1032 950 texere3
1049 846 1101 924 ita
1119 867 1265 952 quem·

202 981 371 1072 cunque
380 956 533 1067 ¹iuverit
549 954 688 1068 digitis
708 955 786 1039 luis
804 978 964 1041 mature
982 956 1046 1040 tali
1071 960 1268 1044 exercitio

202 1072 422 1187 agilitatem
447 1063 716 1181 comparatu,
759 1092 806 1154 ut
832 1095 904 1154 eos
932 1067 1099 1180 posthac
1120 1071 1268 1157 instru-

202 1189 370 1299 mentis·
388 1182 549 1269 musicis
579 1182 782 1295 applicare
814 1180 974 1269 facilius
1009 1183 1066 1268 stt.
1125 1185 1265 1297 Magis

201 1324 341 1386 autem
360 1296 543 1406 proderit
565 1322 612 1382 ut
629 1300 775 1410 quavis
797 1303 889 1384 vitae
907 1297 1088 1409 periodo,
1105 1300 1266 1410 prael'et-
1286 1361 1290 1369 .

200 1417 276 1501 tim
310 1411 479 1497 eumad
510 1410 725 1526 dignitates
756 1416 797 1499 in
822 1411 1034 1524 republica
1065 1437 1264 1524 pervene-

200 1532 294 1619 rint,
322 1523 546 1611 meminille
564 1527 732 1639 pollint,
760 1526 927 1641 aqualia
947 1523 1025 1611 elle
1041 1524 1264 1613 hominum

199 1645 333 1729 initia:
360 1637 455 1724 sorti
473 1637 702 1727 &casui-ut
725 1640 958 1751 plurimun
973 1638 1189 1725 meliorem
1209 1643 1266 1724 vi·

201 1778 253 1841 tae
282 1752 563 1839 conditionem
599 1752 768 1840 deberi:
824 1755 875 1841 de
907 1755 999 1840 vitae
1031 1752 1265 1839 conditione

199 1870 383 1959 meliori,
421 1867 449 1952 fi
475 1893 601 1977 quam
627 1865 769 1953 nefitus
795 1864 940 1969 fuerit,
981 1866 1101 1953 illum
1127 1865 1262 1956 solum

114 2039 116 2046 -
199 1983 291 2094 jure
307 1981 378 2066 fibi
396 1978 508 2091 polle
531 1979 736 2093 gratulari,
766 1986 837 2095 qui
855 1986 978 2068 invita
993 1985 1113 2066 etiam
1131 1978 1265 2069 fortu-

199 2125 272 2197 ne,
302 2097 629 2207 propriumne,
659 2096 867 2183 &merito
884 2096 993 2181 illam
1011 2094 1080 2181 fibi
1098 2120 1262 2206 parave-

187 2215 280 2295 trit.'
325 2210 511 2294 Maxime
535 2208 704 2293 demum
729 2211 881 2297 valebit
901 2233 977 2312 eo,
1019 2234 1067 2293 ut
1095 2209 1261 2305 discant,

199 2330 322 2411 etiam
342 2324 604 2438 Magistratus
625 2351 721 2408 cum
738 2322 844 2420 fatti,
876 2324 1038 2410 eumad
1055 2324 1151 2410 altas
1173 2324 1262 2439 dig·

200 2445 347 2539 nitates
380 2436 508 2522 evecti
536 2433 710 2541 fuerint,
741 2445 931 2526 concives
960 2440 1066 2539 suos,
1090 2437 1263 2551 quibus·

199 2554 456 2660 cumprime
479 2555 570 2634 vitae
593 2555 775 2638 tirocinia
800 2556 981 2666 adpetes
1004 2552 1180 2654 labotes,
1205 2548 1257 2637 ad

193 2666 397 2780 'equalem
416 2662 666 2777 disciplinam
690 2663 866 2754 damnati
889 2670 1069 2780 egerint,
1101 2692 1260 2753 revete-

199 2782 462 2871 m&mm.

201 2970 212 2997 „
293 2885 442 2979 ¹''ldunc
460 2888 641 3005 Collegae
658 2887 738 2989 sui,
768 2893 917 3005 Koppii
937 2918 1016 3005 pro
1033 2891 1143 2978 teile
1162 2889 1261 2978 edu·

198 3007 325 3096 canda
348 3006 571 3117 juventute
595 3009 720 3116 patria
746 3008 897 3111 zelum,
922 3009 1136 3093 emulatur
1166 3031 1261 3094 ven.

200 3118 463 3219 Saalfeldius‚
488 3116 587 3204 alter
603 3117 811 3206 sactorum
829 3124 871 3205 in
887 3121 974 3206 aede
989 3121 1118 3207 aulica
1135 3121 1259 3205 Mini-

197 3240 301 3344 stee13
330 3232 509 3345 scholam
526 3236 635 3318 enim
654 3232 873 3319 educandis
890 3233 1036 3346 puellis
1051 3216 1258 3352 publicam

197 3351 243 3437 δι
259 3348 344 3461 ipse
357 3351 528 3456 aperuit,
559 3346 776 3460 dirigitque
793 3354 972 3434 maximo
988 3373 1083 3435 cum
1102 3348 1259 3440 iruclu.
1294 3389 1300 3403 ·

279 3488 284 3498 ·
316 3460 653 3549 Administrandae
675 3462 885 3567 universae,
916 3488 999 3549 tam
1017 3488 1109 3577 quae
1128 3463 1185 3548 est
1203 3466 1256 3548 ci·

197 3578 330 3662 vitatis
347 3574 678 3670 Hannoni-ane,
701 3600 826 3690 quarn
851 3604 948 3691 qua
967 3585 1153 3664 omnium
1180 3599 1257 3662 tet·

197 3713 338 3799 aarum
356 3686 657 3791 electoralium'
669 3691 918 3803 reipublice,
935 3716 981 3777 ea
997 3696 1053 3777 est
1069 3696 1184 3794 tatio,
1208 3711 1258 3778 ut

197 3802 349 3892 laudari
366 3800 452 3889 satis
475 3826 671 3915 nequeat,
702 3826 990 3919 mereaturque
1007 3829 1110 4010 guae
1128 3809 1169 3890 in
1190 3829 1258 3890 ex·

1049 3919 1193 4008 oribus
1211 3917 1257 4014 u

114 3908 119 3932 '
195 3917 540 4033 emplummultis
557 3917 947 4013 alierumterretum
961 3942 1005 4009 re
1154 4028 1182 4120 d

280 4096 283 4101 .
1128 4058 1196 4121 ge
