2784 4625
196 507 314 583 rum,
342 483 417 592 qui
440 504 567 595 porro
599 479 840 568 Brunosuici
864 481 1043 598 degunt,
1085 479 1266 574 fratrum

197 618 426 686 conventus
456 599 609 708 patitur
633 593 712 682 luis
737 601 778 681 in
802 597 957 686 adibus
983 598 1081 686 fieri.
1139 604 1266 704 Mira·

198 709 394 813 russum,
422 709 499 796 hos
524 713 629 796 inter
651 713 775 796 etiam
807 710 902 814 esse,
934 713 976 798 u
1001 709 1265 825 praecentoris

189 823 375 918 'munere
394 818 526 938 fungi,
557 825 631 936 qui
649 826 846 910 criminali
864 825 1019 937 justitia
1036 831 1268 932 executioni
1284 877 1287 882 ·

199 941 338 1030 dandae
356 935 466 1024 suam
485 963 655 1046 operam
672 938 846 1050 locavit,
875 968 897 1026 a
916 967 997 1056 qua
1015 940 1185 1054 quidem
1206 941 1265 1028 vi'·
1291 1021 1293 1026 .

191 1053 250 1141 'tae
270 1056 424 1138 ratione
445 1076 634 1163 putaram
654 1050 780 1160 hujus
799 1052 911 1140 secla
930 1059 1141 1170 ingenium
1161 1053 1265 1142 sutu-

189 1165 374 1278 'mopere
398 1165 643 1274 abhorrere3
674 1169 913 1278 tempestive
937 1193 1092 1272 tamen,
1133 1196 1185 1254 ne
1210 1155 1266 1274 ni·

187 1287 333 1388 ‚mium
359 1283 528 1367 mirarer
558 1307 669 1382 rem,
706 1307 754 1365 ut
784 1282 1020 1384 videbatur,
1049 1277 1264 1386 insolitam',

187 1398 410 1490 'memoria
437 1391 646 1494 subvenit,
689 1393 940 1505 disciplinam
965 1397 1265 1506 nonnullorum

197 1510 548 1604 Monalletiorum
565 1507 653 1593 satis
669 1507 863 1613 severam,
880 1506 1030 1611 desere,
1049 1509 1266 1620 utvidetur

188 1641 393 1714 'normam
410 1621 738 1733 inspicientibus,
784 1652 866 1737 qua
888 1619 1269 1738 Franciscapo'rum,

158 1783 161 1790 ·
201 1766 370 1858 quaque
402 1737 757 1825 Norbertinorum
784 1739 970 1826 Nemefis
995 1741 1039 1824 in
1063 1737 1156 1824 suos
1180 1741 1266 1832 ani·

184 1853 457 1944 'madverter'e
473 1849 625 1939 solet···
644 1851 868 1965 capitalem,
886 1847 1029 1939 fratres
1043 1853 1166 1940 laicos
1181 1849 1266 1948 five

200 1975 435 2066 servientes,
460 1963 643 2064 habuille
664 1968 922 2054 administros
940 1968 982 2053 δι
1006 1951 1263 2055 executorel.

188 2085 314 2198 'Novi
337 2083 640 2184 monasterium,
669 2108 800 2196 equo
818 2075 940 2168 frater
955 2079 1107 2168 Laicus
1123 2084 1167 2168 in
1184 2082 1264 2200 hup
1297 2071 1306 2100 ⁸

184 2222 375 2317 genere,
406 2198 449 2279 in
466 2195 708 2308 exequenda
727 2199 924 2290 nimirum
941 2195 1088 2280 nemefi
1106 2197 1263 2296 dexter·

201 2320 354 2427 rimus,
372 2309 428 2397 'aa
445 2313 487 2396 in
504 2335 588 2397 tota
605 2313 763 2398 circum
782 2315 952 2426 regione
968 2312 1024 2397 ob
1043 2311 1146 2397 hanc
1164 2312 1261 2423 praej·

119 2482 134 2494 „
184 2412 429 2543 {rogativam
445 2422 645 2525 famosus,
675 2424 823 2539 soepius
839 2425 889 2511 ad
914 2425 989 2512 alia
1007 2426 1282 2527 monasteria,-

181 2544 276 2641 ¹‚ubi
308 2539 417 2626 idem
443 2565 575 2650 genus
601 2536 725 2625 officii
749 2542 791 2624 in
814 2533 959 2625 fratres
983 2540 1178 2653 rebellet,
1220 2536 1263 2653 dt
1292 2540 1296 2545 ’

201 2659 291 2745 talis
310 2652 523 2763 disciplinae
543 2651 752 2739 severioris
777 2679 870 2739 reos
890 2656 1091 2768 prestaret
1109 2648 1266 2769 fuit-if·

190 2778 249 2864 ¹ut
264 2768 480 2859 traditione
497 2766 582 2853 satis
600 2766 771 2877 probata
788 2766 960 2869 doceor,
989 2792 1175 2875 vocatus.
1191 2780 1196 2787 '
1231 2776 1242 2863 ’,ῑ

181 2882 200 2909 ’“
313 2880 395 2971 Sed
410 2905 457 2967 ut
474 2880 522 2967 ad
548 2876 892 2975 Stockwalserum
912 2874 1089 2997 redeim,
1111 2880 1265 2995 placuit

180 2994 243 3089 ¹in
267 3002 355 3086 viro
379 2995 593 3097 modestia,
633 2996 676 3083 u
701 2997 903 3108 aequitatis
921 2984 1134 3098 studium,
1177 3010 1263 3109 quu

198 3113 372 3203 fimilem
400 3110 594 3220 probavit
617 3108 878 3223 laudavitque
897 3109 1122 3207 ‘florentem
1152 3104 1265 3225 apud

180 3228 277 3317 'nos
301 3221 525 3310 officinam:
568 3222 642 3309 ubi
669 3227 876 3335 vernicant
907 3228 1019 3311 corio
1045 3222 1262 3329 inducunt,

197 3369 252 3427 ex
278 3364 364 3452 quo
381 3342 489 3423 varia
510 3335 603 3423 dein
627 3336 731 3422 fiunt
751 3336 956 3439 utensilia,
980 3336 1074 3450 pilei
1102 3330 1262 3448 praelei'·

197 3460 289 3543 tim.
320 3450 471 3538 Similia
488 3451 525 3536 se
542 3454 607 3552 ait,
633 3452 756 3534 etiam
774 3450 991 3563 aliquando
1011 3428 1262 3565 cogitasse&

198 3562 383 3658 tentasse:
414 3565 627 3653 confilium
644 3589 778 3650 tamen
794 3562 1063 3674 abjecisset&
1087 3566 1137 3652 ab
1160 3566 1262 3673 ulte·

196 3681 377 3771 rioribus
399 3675 629 3767 abstinuisse
655 3683 967 3791 experimentis,
1004 3702 1052 3767 ut
1077 3682 1262 3791 primunt

181 3796 365 3900 viderit,
396 3818 487 3910 quae
505 3792 772 3905 Wirceburgi
791 3794 946 3887 fierent.
989 3794 1094 3879 Puto
1113 3800 1260 3905 tamen,

198 3912 362 4025 adjicit,
414 3911 487 4025 qui
519 3906 855 4035 wirceburgensi
894 3904 1261 4047 officipespra'eq,

416 4064 421 4073 ·
705 4060 709 4067 ·
793 4054 795 4059 ·
1086 4034 1221 4141 reque·
