2784 4625
198 324 315 396 erum
566 379 569 384 ,
627 298 846 360 m

196 472 266 563 ria,
297 470 338 550 in
357 485 542 552 merrtem
556 465 682 556 ve'nit
719 448 878 569 Quam
898 460 999 548 dum
1021 467 1165 552 tacitus
1183 485 1269 564 me·

195 571 955 700 qumvuimmevuluuque,adMeipse
967 577 1105 664 semim
1119 588 1270 668 mentis

197 687 830 803 ueulosanimumqueadverm,
846 695 1270 804 arque‚quidmihide

197 826 382 943 magno
384 806 467 904 huc
493 806 777 908 humanitatis,
808 755 943 900 forsan
969 811 1170 917 primo&
1189 839 1271 895 ma·

198 931 313 1032 ximo
342 944 576 1021 momento,
616 922 666 1012 de
690 921 961 1052 hommum,
964 921 1015 1004 de
1041 926 1197 1010 civium
1224 932 1271 1011 in

198 1039 328 1149 Reiig
314 1062 424 1122 rone
436 1031 635 1137 dissensu,
665 1036 716 1118 de
747 1041 864 1120 variis
890 1040 1100 1121 variorum
1124 1036 1174 1122 ad
1198 1063 1271 1126 eos

198 1066 525 1246 reconciliandus
543 1149 774 1250 conatibus,
799 1145 852 1233 de
868 1149 1027 1240 diverse
1046 1155 1084 1234 di
1090 1149 1271 1239 ssentien

175 1301 179 1306 ·
199 1271 308 1353 tium
324 1264 566 1348 adinvicem
582 1265 747 1362 habitu,
776 1290 964 1376 unquam
983 1264 1115 1373 visum
1127 1262 1270 1372 suerit,

197 1381 427 1493 recogitare
451 1379 618 1488 incipio.
676 1375 815 1479 Audi,
845 1382 902 1464 mi
928 1378 1104 1478 Bone,
1095 1407 1269 1491 mgenu·

119 1577 121 1588 ,
198 1523 337 1590 amm
323 1518 432 1578 nec
448 1495 571 1593 enim,
589 1517 719 1610 quem
737 1518 842 1604 pene
860 1496 903 1576 in
921 1518 1016 1577 cute
1036 1495 1150 1595 nesii,
1170 1502 1268 1580 ami·

198 1634 300 1702 cus,
336 1593 475 1696 fallere
503 1631 541 1691 te
571 1631 745 1733 putero,
782 1630 851 1690 aut
873 1610 1041 1692 veritate
1069 1607 1095 1690 s
1097 1609 1267 1710 mulera,

165 1798 169 1805 .
196 1723 333 1816 Genio
353 1720 578 1813 Leibnizii‚
609 1719 729 1853 cujus
748 1722 789 1802 in
813 1717 920 1806 sacro
945 1721 1042 1807 lucu
1070 1748 1159 1806 eam
1186 1728 1265 1836 pri

194 1863 324 1934 mum
342 1834 471 1943 edidi3
503 1838 668 1920 mentiri
659 1832 880 1921 ausim·-
885 1834 1014 1921 ·hae
1023 1834 1079 1921 de
1103 1862 1147 1920 re
1173 1864 1269 1924 con·

202 1947 416 2046 feffiunem
434 1945 589 2038 meam!
726 2034 728 2037 ,

203 2139 206 2144 ,
319 2063 413 2174 Ego
429 2063 626 2175 quidem,
659 2088 734 2174 qur
724 2061 923 2173 publico
947 2062 1204 2172 stipendium
1227 2065 1268 2154 id

200 2175 290 2268 sum
308 2177 562 2277 conductus,
594 2202 641 2261 ut
658 2179 701 2261 Γ
704 2177 933 2290 heologum
957 2178 1235 2289 polemicum
1224 2208 1268 2267 ιιι

200 2291 422 2382 Academia
451 2296 580 2403 patria
604 2319 792 2404 agerem,
830 2294 910 2379 hoc
933 2320 1083 2379 nomen
1111 2291 1271 2406 semper

200 2408 422 2497 abhorrui.
489 2408 653 2510 Retinui
692 2407 859 2519 quidem
891 2434 1046 2491 nomen
1078 2407 1267 2512 invisum,

200 2523 364 2634 quippe
399 2520 561 2629 publiea
584 2520 822 2607 aquritate
848 2521 1106 2631 impostum,
1142 2551 1271 2610 omen

200 2657 338 2721 tamen
356 2633 509 2736 delere,
539 2633 745 2746 asiamque
767 2662 854 2721 rem
873 2634 1127 2737 substituere,
1152 2641 1270 2725 omni

199 2748 335 2834 adhuc
356 2749 487 2835 studio
505 2748 593 2833 sum
612 2775 794 2835 conatur.
852 2749 947 2861 Jam
975 2776 996 2833 a
1020 2754 1151 2859 prima
1174 2748 1269 2837 ado·

199 2860 406 2961 leseeutia,
438 2887 484 2948 ut
498 2868 682 2974 primum
707 2865 832 2947 mihi
822 2867 1032 2962 mnotuit,
1059 2861 1171 2947 esse
1161 2889 1271 2952 mter

198 2983 327 3062 unius
343 2976 615 3089 ejusdemque
631 2977 848 3072 Christiani
873 2980 1050 3062 nominis
1074 2975 1270 3065 confesso·

199 3114 265 3175 res
293 3090 497 3192 Schisma,
540 3093 583 3177 81
612 3090 689 3175 tale
709 3091 902 3202 quidem,
932 3091 1055 3205 quale
1082 3115 1180 3178 tunc
1202 3094 1268 3181 ad·

199 3202 286 3297 huc
310 3231 503 3332 maguam
529 3218 685 3314 partem
713 3203 866 3306 fuerat,
914 3232 960 3291 ut
988 3230 1082 3316 pars
1109 3230 1270 3316 partem

201 3317 297 3407 odio
305 3314 425 3419 huc
421 3318 564 3426 majori
588 3317 928 3430 prosequeretur,
967 3320 1122 3432 sibique
1143 3322 1271 3408 altera

199 3431 251 3516 ab
269 3432 390 3517 astera
408 3433 549 3545 majori
573 3431 840 3517 sollicitudine
856 3460 1030 3535 caveret,
1062 3461 1149 3545 quo
1168 3441 1269 3521 reci·

197 3550 315 3656 proci
339 3545 442 3644 odii,
493 3573 736 3658 mutuaeque
767 3547 999 3659 suspicioms
1025 3538 1267 3635 fundamen·

135 3732 138 3737 .
197 3681 318 3765 rum,
343 3656 536 3763 seuerius,
551 3661 729 3792 religio:
770 3659 1033 3773 summopere
1058 3661 1100 3747 id
1128 3662 1264 3775 dolui3

197 3798 477 3886 necunquam
495 3777 677 3859 animum
697 3774 893 3861 inducere
917 3780 1054 3886 potui,
1093 3800 1140 3862 ut
1164 3781 1267 3863 invi-

194 3886 312 3977 dress
333 3886 425 3996 illis,
444 3887 584 4004 qualia
602 3915 647 3976 ut
655 3889 899 4002 plurimum
924 3890 1039 3979 aliter
984 3888 1265 4093 senpenti·

1154 4030 1209 4097 us
