2784 4625
192 473 447 604 mecumque
463 505 511 573 ut
530 486 590 573 est
606 489 683 574 viri
704 488 1122 612 optimiintlulgentla
1218 495 1264 585 in
1292 529 1303 562 .-

191 617 358 705 meum,
389 628 477 714 quo
496 601 756 690 commodius
779 613 938 701 uterer,
970 606 1178 696 Musaeum
1202 611 1266 701 ira
1296 633 1303 692 τ

194 724 315 810 terim
340 715 542 802 transtuli.
985 733 987 740 ·
1192 767 1194 772 ,
1301 755 1303 760 ·

312 831 591 944 Summopete
623 826 784 944 gavisus
809 827 934 934 sum,'·
957 841 1152 948 magnam
1182 831 1263 922 ste·
1299 905 1303 910 .

193 976 256 1037 nae
278 948 611 1035 immutationem
635 939 795 1029 vidilie:¹
828 944 1163 1044 Helmiladienses'
1187 947 1266 1034 im-

226 1087 307 1149 une
324 1060 366 1146 &
385 1064 429 1145 in
449 1081 572 1172 pace,
602 1051 769 1169 pacifice
787 1054 929 1144 sentire
956 1053 1084 1171 polle,
1114 1065 1221 1174 quin
1240 1087 1264 1150 a

126 1188 129 1197 '
192 1091 620 1287 fuissentin-genubus
643 1193 856 1281 petantur:
893 1178 1032 1285 potius
1056 1180 1264 1288 paricum

194 1285 588 1379 Helmstadienfibus
606 1284 746 1388 modo,
762 1282 862 1372 idest
879 1286 1001 1375 docle
1012 1291 1057 1377 ἃ
1067 1288 1265 1404 modeste·

195 1405 342 1494 sentire
379 1428 491 1488 nunc
529 1397 930 1514 Wittenbergensem
965 1401 1264 1514 Reiuhartlnm,¹

197 1510 1263 1629 Griesbachium&DoederleiniumJenensesTheo·

193 1634 338 1746 logos:
357 1627 621 1715 &benevole
647 1629 784 1713 ubivis
808 1653 1038 1741 receptum,
1062 1658 1109 1718 ac
1127 1635 1266 1738 ¹amice

195 1748 249 1835 ab
272 1746 334 1831 his
353 1743 553 1830 omnibus
576 1740 769 1828 habitum
794 1770 875 1847 me,
904 1749 977 1857 qui
1003 1744 1101 1839 haec,
1134 1751 1265 1834 amice

194 1861 381 2061 Recipite,
420 1857 494 1943 tibi
527 1879 671 1961 narro,
722 1855 997 1971 Theologum
1024 1859 1263 1986 'Wircebur-
1296 1909 1300 1917 ·

231 2004 283 2062 en
301 2000 382 2058 em.
1216 1996 1250 2028 ‘·

171 2005 228 2092 'g
315 2087 560 2202 Augurium
575 2082 671 2172 inde
687 2086 798 2196 cepi,
825 2081 1064 2197 diffipa'ndas
1090 2072 1267 2208 quoque
1298 2185 1301 2192 ,

197 2199 290 2291 fore
307 2201 476 2287 nebulas
492 2200 582 2287 istas
598 2203 680 2314 spei
694 2225 818 2301 meac,
846 2199 889 2287 ἃ
911 2198 1195 2311 pulcherrimo
1216 2207 1267 2294 iri
1302 2265 1303 2272 κ

198 2318 312 2434 quast
336 2317 419 2429 jam
444 2317 677 2429 proximam
700 2314 816 2400 almar
839 2319 1128 2426 pacis'aetattm
1146 2318 1265 2405 auro=
1299 2356 1303 2365 ·

197 2461 286 2534 am,
333 2427 570 2547 prospeiiui
596 2427 870 2541 interpolitas:
915 2426 1012 2514 ¹fore
1028 2434 1175 2626 potius
1192 2446 1267 2514 πᾶς’

187 2570 310 2649 'tanta
330 2547 386 2629 est
410 2543 512 2628 mihi
531 2547 576 2628 in
600 2542 789 2630 sensuum
809 2539 1009 2649 judicium
1057 2542 1267 2650 iffidentian
1297 2580 1303 2611 ⁵

200 2663 245 2750 δι
268 2664 312 2745 in
337 2657 607 2770 sapientissimi
632 2657 831 2743 Numinis
856 2655 1111 2766 providentia
1135 2659 1265 2772 posita·
1301 2700 1303 2761 ;

198 2772 347 2861 fiducia
462 2796 510 2856 ut
530 2770 693 2858 medias
726 2767 798 2854 has
826 2772 932 2854 inter
956 2772 1131 2876 turbas,'·
1160 2773 1268 2860 du'm
1300 2764 1303 2809 ²

122 2950 125 2955 -
199 2886 305 2999 bella
321 2888 452 2999 parari
468 2889 683 2972 timemus:
714 2886 823 2969 inter
837 2881 939 2994 ipsas
956 2884 1027 2972 has
1042 2884 1182 2979 densas
1198 2915 1267 2973 ne·
1300 2940 1304 2961 ι

198 3001 333 3103 bulas,
353 3010 471 3113 queis
483 2997 569 3110 spes
588 3001 742 3085 nostras
760 2993 946 3084 suffocari
961 2997 1265 3105 dolemus,'ssc·

198 3145 250 3205 us
268 3118 438 3201 interim·
463 3117 661 3199 contraria
686 3118 798 3225 agat,
838 3110 1048 3227 fimusque
1073 3115 1265 3202 hoc-ma-

199 3237 263 3344 gis
285 3231 485 3328 miraturi,
506 3227 610 3313 dum
640 3225 775 3336 sopitis
807 3226 966 3323 turbisa
991 3227 1277 3343 dillipatisque

201 3342 384 3445 nebulis,
414 3340 514 3454 ipsas
532 3340 654 3442 oleas,
671 3344 779 3454 pacis
797 3337 1046 3450 symbolum,
1063 3330 1274 3454 simulq'u't'?

198 3459 242 3544 in
266 3462 374 3568 pacis
395 3457 437 3544 a
453 3456 607 3540 amoris
633 3451 801 3541 iraterni
826 3453 1036 3568 ipsiusque
1057 3454 1265 3569 religionis

201 3571 422 3658 christianae
441 3567 687 3680 triumphos,
715 3567 901 3655 nobilem
926 3568 1088 3658 laurum
1113 3568 1298 3670 interea?

201 3681 436 3771 succrevisse
453 3682 693 3786 viderimus,r
717 3682 791 3773 ubi
811 3678 1275 3805 vastitatemjndullams

200 3803 338 3905 tersis,
368 3800 486 3890 anxie
502 3798 711 3889 rebamur.
954 3805 956 3812 ·
1263 3818 1273 3849 .-

499 4000 502 4007 Ι
617 4022 697 4154 ’Ῠ
1121 4031 1208 4120 Au·
