2784 4625
120 348 122 351 -
179 307 254 378 r0a·
469 344 474 352 .
517 286 869 368 ΙΑιησοτιτιοιῐιες
964 325 967 330 ·

193 457 195 462 ’
265 446 434 516 lalfiffimam
447 448 573 524 judicat.
592 451 633 512 Et
650 468 716 515 cnm
730 470 792 514 non
812 452 989 532 perspiciat,
1008 456 1243 528 quomouoinat

193 569 196 576 ·
261 549 354 597 mente
371 534 466 595 Deum
479 533 597 609 uicere,
620 535 650 597 &
658 534 795 615 stelione,
816 552 851 596 ac
866 534 1005 597 inclinare
1023 539 1166 616 ceruices,
1183 556 1242 616 que

264 621 315 682 hic
333 621 460 693 Optatus
475 632 611 693 tanquam
625 624 774 681 contraria
790 619 1242 698 comniniuoppooantnr,per·

265 704 368 769 suadet
381 701 456 773 sibi,
480 699 616 777 scripfiile
633 702 773 775 Optarunt
787 703 878 773 ett'lt,
898 703 950 762 nei
961 704 1071 770 mele,
1096 706 1179 783 quod
1192 722 1242 781 po·

266 791 343 853 stet,
356 790 434 862 *quia
455 788 553 844 minua
575 781 645 867 effer
664 803 786 858 notum,
808 789 860 847 ctsr
876 788 966 862 magio
984 788 1136 863 probum,
1158 787 1188 850 lt
1210 790 1241 848 ab

265 869 415 933 hebraicit
431 871 703 940 minurientem,
723 871 753 929 in
769 885 861 928 mente
878 882 1020 944 mutatum
1038 869 1140 942 liunt,
1152 887 1245 946 quen·

269 954 428 1015 admodum
445 951 529 1022 supra
543 952 573 1010 in
585 952 725 1023 parabola
741 952 894 1014 Publiceni
908 953 1085 1016 &Pharisaei
1099 954 1245 1035 crellafu·

268 1039 325 1100 cies
341 1037 372 1099 it
390 1033 529 1095 inclinata
544 1034 646 1095 cervix
660 1048 871 1108 opponuntur,
898 1037 942 1104 ita
965 1036 996 1101 &
1023 1039 1074 1099 hic
1096 1038 1187 1099 ecclic
1206 1038 1245 1099 oi·

267 1118 356 1193 lans,
378 1117 409 1180 δι
424 1117 565 1179 inclinent
580 1119 734 1178 ceruicem:
764 1134 831 1178 cum
855 1117 1060 1194 Hieronymus
1077 1122 1243 1197 ipsc·etianr

268 1215 366 1280 veriat
376 1199 489 1286 lsrael:
510 1198 647 1260 Dirciius
662 1199 740 1273 Det',
760 1200 821 1262 slve
837 1200 984 1263 ’ariamiri
998 1201 1058 1262 Seu.
1122 1202 1245 1266 Clericus

269 1288 334 1350 falli
355 1287 430 1348 dicit
452 1280 678 1351 casaubonum,
701 1302 767 1346 cum
783 1299 844 1345 non
862 1286 940 1357 apud
953 1285 1173 1365 Hieronymum
1190 1304 1243 1349 tan·

270 1386 332 1434 tum
348 1370 378 1430 in
393 1367 472 1429 libro
488 1364 525 1426 ale
539 1367 699 1428 nomnibus
714 1368 953 1439 habearamus
969 1368 1068 1440 uideat
1083 1369 1190 1439 Deum,
1200 1370 1243 1431 sel

270 1456 359 1514 etiam
372 1455 402 1513 in
418 1451 523 1526 gtaecie
538 1452 727 1528 fragmentitt
748 1471 795 1510 tea
815 1473 873 1528 agae
888 1449 1007 1525 iuuant
1021 1441 1094 1524 iiam
1115 1455 1147 1515 in
1169 1469 1240 1515 voce

160 1545 162 1552 ’
271 1549 368 1598 tutem
391 1533 533 1595 lrebcaica
548 1550 610 1595 non
626 1536 747 1614 quidem
773 1537 964 1595 contineatur
989 1533 1163 1611 fignificacio
1178 1554 1244 1597 acm·
1286 1603 1288 1610 ,

268 1621 326 1689 tis,
344 1608 393 1676 led
412 1620 447 1677 ab
446 1621 624 1758 stinterprete
641 1618 829 1692 suppleatur,
853 1618 921 1696 quia
934 1632 1032 1680 mente
1048 1633 1162 1685 tantum
1171 1622 1243 1682 Deua

275 1704 356 1762 cerni
372 1714 443 1775 pote
470 1742 479 1759 .
1138 1701 1142 1706 ’

190 1781 266 1856 illl.
293 1780 562 1858 demonstrabo.

231 1886 264 1945 In
283 1885 349 1943 MS.
366 1885 395 1941 S.
406 1885 444 1943 G.
459 1879 723 1958 aemoujicaiinas.-
776 1879 845 1943 Post
865 1881 930 1957 hec
953 1884 1045 1946 verba
1072 1882 1200 1953 habetur
1217 1882 1243 1946 io

274 1965 407 2056 Misus·
416 1968 455 2030 T.
472 1966 503 2028 &
518 1965 551 2024 P.
561 1967 592 2028 S.
608 1964 738 2046 Etplloit
755 1960 844 2026 Liber
850 1963 999 2045 secundus.
1286 1967 1288 1972 ’

594 2103 702 2185 .Ι.-η’.
752 2097 831 2184 III.
882 2119 887 2131 “

192 2224 334 2335 pag.46.'
360 2226 471 2304 Libet
488 2229 627 2301 tertius.
733 2271 736 2278 ·
1283 2171 1288 2268 l

231 2339 265 2401 ln
279 2318 364 2392 Mis,
380 2332 410 2390 S.
419 2333 457 2392 T.
473 2324 586 2392 &P.S.
601 2327 744 2408 Incipiunt
762 2322 897 2409 Capitale
913 2324 999 2387 Libri
1012 2327 1118 2400 tertii3
1140 2341 1204 2404 quic
1214 2319 1246 2382 lu

269 2413 373 2478 Pinius
389 2414 427 2473 sic
443 2416 552 2474 refert:
587 2411 644 2474 Hic
658 2409 730 2470 liber
746 2418 853 2470 tertius
871 2414 999 2472 continet
1014 2419 1140 2490 quatuor
1151 2407 1246 2486 causac.
1286 2438 1288 2517 p

182 2559 185 2565 ,
271 2497 373 2578 quibus
389 2495 516 2578 efficium
529 2495 585 2570 esi,
601 2511 636 2557 ut
651 2513 707 2552 uon
717 2493 781 2569 stne
793 2494 949 2575 asperitate
964 2495 1062 2553 unicas
1072 2488 1170 2571 ficret.
1190 2489 1247 2552 Pei·

271 2601 336 2652 ma,
363 2580 440 2658 quod
455 2575 591 2656 Basilicas
603 2576 779 2660 schismatici
796 2595 850 2636 non
868 2576 1034 2657 nettffarios
1042 2577 1195 2654 fecerint,
1220 2570 1246 2643 θ

271 2662 526 2743 rebaptizationem
541 2662 699 2722 intulerint
714 2659 816 2735 (quod
833 2664 1010 2736 postremum
1027 2663 1058 2721 in
1072 2659 1158 2726 MSS.
1176 2660 1205 2720 S.
1213 2657 1245 2720 T.

206 2811 209 2818 ¹
276 2743 306 2804 lit
321 2744 354 2805 P.
365 2747 398 2820 8.,
411 2747 518 2822 deest).
540 2740 688 2814 Secunda,
704 2741 781 2821 qual
798 2740 935 2804 Donatus
951 2741 1141 2822 Carthaginis
1154 2758 1246 2822 peona

201 2904 206 2913 ῃ
243 2848 245 2859 “
271 2832 405 2901 caverit,
424 2846 457 2886 ut
469 2833 567 2888 unitae
576 2823 675 2907 ficret.¹
709 2824 831 2898 Tertia,
852 2827 929 2908 quod
942 2826 1078 2887 Donatus
1097 2818 1246 2910 Bagajosss

275 2914 325 2988 (in
341 2913 406 2970 MS.
421 2915 450 2972 S.
463 2914 501 2974 G.
520 2908 701 2995 Vagajenſss)
719 2911 959 2972 circumcelliones
977 2910 1098 2986 (tonis.
1109 2911 1140 2970 S.
1150 2909 1189 2970 G.
1198 2923 1247 2969 cet·

273 2992 409 3070 ciliontt)
419 2993 584 3080 collegerit,
605 3013 639 3058 ut
656 2996 802 3077 operarios
817 2997 941 3053 unitatis
957 2995 1119 3073 impediret.
1130 2988 1248 3071 Quarta,

267 3077 330 3155 fiac
352 3079 501 3140 uoluntate
525 3079 584 3140 Dei
607 3075 680 3139 nihil
705 3095 718 3132 e
743 3073 884 3150 efaclum
901 3099 937 3136 ex
956 3075 1016 3146 lis,
1038 3076 1140 3155 quibus
1155 3085 1248 3155 putant

271 3164 363 3242 aliqui
378 3166 489 3222 unitati
499 3162 666 3237 molendum
684 3177 697 3216 e
720 3180 733 3217 e
750 3162 916 3221 conuitium.
939 3160 1014 3236 Quae
1031 3162 1135 3221 ultima
1150 3161 1248 3219 verbm

274 3245 321 3312 Ex
336 3245 436 3326 quibus
449 3260 555 3327 putant
569 3247 627 3312 in'c.
644 3246 674 3304 in
692 3241 865 3304 Cochleana
881 3245 1014 3304 editione
1029 3259 1184 3316 perperam
1202 3241 1250 3303 ini·

273 3333 346 3392 tium
363 3330 444 3390 Libri
462 3328 551 3401 ipfius
567 3329 691 3403 faciunt.
735 3325 828 3405 Quod
843 3327 951 3387 fustium
969 3342 1006 3385 ne
1029 3327 1096 3402 quis
1117 3322 1250 3385 miretur,

275 3417 363 3474 etiam
382 3417 487 3491 quinto
503 3414 581 3473 libro
599 3416 629 3474 in
647 3409 748 3470 eadem
768 3409 903 3470 editione
928 3409 1018 3470 simile
1035 3411 1176 3484 contigit.
1215 3405 1252 3469 Ut

273 3500 352 3557 enirn
377 3495 427 3556 hit
450 3513 517 3568 pare
540 3494 703 3573 argumenti
726 3494 962 3571 consequentis
985 3494 1053 3552 libri
1078 3492 1168 3553 initio
1185 3493 1251 3559 mala

274 3580 410 3649 coaluit,
431 3580 520 3642 ita&
538 3582 602 3641 iilic
625 3596 661 3637 ex
675 3577 763 3634 initio
781 3576 851 3634 libri
868 3581 968 3655 piures
984 3577 1071 3634 lineae
1087 3587 1252 3650 argumento

274 3663 436 3734 accessere,
459 3680 525 3738 quae
548 3663 601 3722 sun
625 3664 697 3720 loco
720 3657 942 3730 desiderantum
973 3659 1072 3718 abhis
1091 3660 1254 3720 eninrliher

271 3746 396 3816 incipit:
421 3742 455 3826 lte
471 3764 528 3827 qua
541 3764 592 3825 tt,
614 3760 676 3825 quat
694 3758 769 3803 nnnc
784 3741 905 3826 agitat,
924 3738 1037 3841 quaestio
1055 3741 1121 3807 iic„
1147 3742 1256 3802 Canen

274 3843 462 3906 quaecunque
477 3834 663 3904 precedunt,
679 3828 714 3888 ab
731 3841 903 3901 argumento
918 3827 987 3886 libri
1006 3826 1169 3896 repetenda
1186 3824 1256 3884 sunt·
1276 3876 1281 3891 ,

271 3913 332 3971 Sed
348 3908 378 3972 &
393 3912 467 3973 iilud
479 3929 539 3974 non
557 3910 796 3983 proterminant,
817 3911 1001 3987 Fuigentiurn
1018 3909 1139 3984 Afrum,
1154 3907 1186 3971 &
1201 3909 1258 3983 Op·

269 3996 325 4057 tati
332 4039 343 4071 ‚
367 3997 450 4074 quod
469 4011 505 4054 ex
521 3995 585 4070 ipio
601 3996 715 4071 liquet,
736 3992 825 4050 valde
840 3992 1017 4060 studiosum,
1035 3992 1147 4051 iisdem
1163 3995 1259 4063 plane,
1276 3996 1279 4004 '

255 4083 371 4166 nuioua
387 4081 442 4152 hit
457 4079 579 4149 orditur
589 4078 735 4167 Optauit
744 4074 908 4143 ieiunum
918 4077 959 4139 ui
969 4076 1137 4143 morinum
1152 4079 1260 4218 ιίξζιιω

159 4172 176 4193 c.
383 4187 389 4201 ,
1207 4174 1244 4219 b·
