2784 4625
467 347 471 372 ι
573 311 788 346 Μ.

1150 335 1225 398 Lm,

97 477 99 568 ἶ
126 481 297 573 menta.
337 475 470 566 Dum
503 480 617 566 enim
642 476 815 566 natalem
844 472 955 564 diem
977 475 1117 592 proles
1146 471 1220 589 pal:

96 595 99 696 ἰ
135 593 356 702 rentibus,
384 603 571 706 parentes
588 590 801 705 prolibuS,
827 616 935 680 uxor
956 597 1116 693 marito,
1144 589 1220 688 vel:

96 749 99 754 ·
135 709 318 800 vicillim
342 705 621 822 gratulantur:
649 710 746 794 artis
771 703 844 794 srbi
866 705 1220 818 aliquod-bellum,-

98 841 103 884 ἔ
136 847 254 937 opus
272 816 476 931 offerunt3
502 820 570 908 vel
588 817 755 914 dumstr
812 820 940 908 rstites
966 819 1221 920 defunslunu

98 983 104 1022 ι.
141 935 388 1028 familiarem
411 933 579 1052 lugent,
622 934 742 1046 ejus.
774 933 1219 1048 efideriumpcnicillu

142 1053 210 1140 vel
227 1049 389 1140 calamo
406 1055 672 1165 exprimunt,
725 1049 768 1137 &
792 1056 1002 1144 memoriae
1027 1053 1218 1144 tabularu

144 1165 352 1268 dedicant,
380 1163 480 1256 huie
508 1163 654 1255 larario
677 1161 841 1256 illatam.
913 1162 1218 1264 Wiedemanno,

96 1285 101 1382 J
143 1286 235 1378 viro
251 1280 354 1368 huic
370 1287 525 1372 nomen
541 1281 612 1368 est.
695 1318 724 1374 ,·,-·
1212 1341 1217 1364 ‚

96 1393 99 1478 ζ
262 1393 402 1482 Bellici
456 1421 600 1516 unque
625 1395 809 1479 muneris
833 1395 995 1493 virum,
1031 1414 1116 1476 non
1142 1387 1219 1480 mi,

147 1531 228 1596 uus
246 1532 388 1597 nmen
409 1420 461 1596 ab
484 1506 568 1597 aliis
584 1507 637 1594 ab
653 1507 736 1594 bo'c
752 1494 928 1594 m'unere
942 1503 1081 1594 alienis
1098 1505 1214 1616 ingr·

147 1625 204 1710 nii
221 1619 284 1709 sui
299 1626 521 1712 momentis
538 1645 698 1724 notum,
716 1619 1044 1710 Maubillonium
1060 1617 1217 1706 accetli.

146 1735 271 1827 Adeo
288 1739 481 1824 omnium
503 1762 751 1838 muncrum,
780 1733 1037 1824 scientiarum
1054 1736 1097 1824 δι
1121 1736 1216 1817 arti·

95 1843 98 1852 ’
145 1877 222 1940 um
239 1850 454 1941 hominem
466 1851 593 1940 credo
606 1847 686 1938 esse
702 1875 909 1963 oportere,
926 1855 1000 1966 qui
1018 1847 1055 1934 se
1072 1846 1217 1934 litteris

148 1969 421 2080 manciparim
440 1969 516 2082 qui
533 1966 704 2052 humani
723 1963 825 2053 nihil
840 1963 1020 2054 alienum
1042 1961 1118 2049 ase
1139 1987 1217 2072 pu·,

108 2119 113 2126 ·
149 2102 225 2182 tat,
257 2082 331 2194 qui
349 2077 676 2196 Cosroopolitam
694 2078 733 2168 se
753 2083 878 2196 gerit,
907 2081 981 2195 qui
998 2074 1216 2200 exercendi

147 2195 305 2307 ingenii
331 2195 375 2284 a
400 2196 523 2283 ammi
546 2193 663 2283 causa
690 2196 769 2284 iter
798 2199 841 2282 in
866 2191 959 2281 alias
985 2217 1110 2280 terras
1137 2197 1217 2276 lto-

146 2334 284 2423 quens
301 2305 499 2425 suscipere
515 2334 638 2399 amat.
695 2307 789 2401 Nee
814 2304 1216 2422 poenituit,.aliquot
1303 2318 1308 2325 '

147 2427 261 2511 enim
277 2422 405 2512 horat
422 2420 598 2515 suaviter
618 2426 802 2512 invicem
822 2426 1123 2534 protraximus:
1164 2416 1216 2509 de

147 2536 306 2625 bellicis
331 2563 500 2652 parum,
544 2536 738 2652 plura-de
762 2534 889 2623 rebus
912 2535 964 2625 ad
987 2535 1218 2637 litterarum

146 2650 302 2754 rudia,
330 2651 561 2767 ari-pacem,
584 2656 628 2743 81
645 2650 1054 2763 rerumpublicarum
1069 2629 1219 2741 sortsm

147 2764 314 2857 beatam
327 2766 651 2881 pertinentibus,
680 2764 887 2854 collocuti.
921 2812 946 2867 g
1206 2820 1212 2863 z

148 2886 169 2959 ἐ·
193 2944 199 2957 ·
241 2934 249 2955 ·
270 2882 620 2983 lnnotueremihi,
635 2878 702 2967 sed
719 2904 798 2993 pro
818 2875 985 2978 tardius,
1001 2902 1129 2996 quarn
1146 2900 1220 2973 vo·

148 2992 318 3097 luerim,
345 2996 430 3107 jam
456 2993 544 3084 fere
566 2995 617 3082 ad
632 2996 792 3085 abitum
813 2990 1011 3095 accinsio,
1035 2990 1120 3077 duo
1144 2989 1219 3085 srbi

148 3106 296 3197 affines
318 3114 419 3213 viri,
446 3108 615 3199 summae
641 3108 737 3195 aedis
758 3103 857 3194 alter
876 3106 1090 3208 Decanus,
1119 3102 1220 3199 alter

148 3225 412 3311 Canonicus:
441 3224 499 3312 illi
518 3226 626 3313 Duri
648 3221 699 3309 ad
717 3219 908 3313 Consiliis
926 3221 1103 3320 intimis,
1134 3216 1219 3325 usq·
1271 3278 1275 3287 ·

149 3334 258 3427 lius:
287 3340 358 3427 iste
374 3337 554 3453 Collegii
575 3335 930 3439 monasteriorum,
991 3360 1056 3426 ‚uu
1067 3335 1116 3421 in
1136 3330 1222 3431 uo

146 3476 248 3543 catu
264 3450 573 3540 Brunoluicensr
591 3450 703 3553 sunt,
726 3448 929 3543 reditibus
945 3361 1221 3553 alpiniano

145 3564 218 3653 aiis
235 3564 614 3682 assessorVoigtius,
633 3564 789 3680 quibus
805 3567 867 3651 uti
884 3561 1077 3657 malim&
1092 3587 1222 3688 quani

94 3788 96 3799 Ι
154 3678 377 3773 diutissime
393 3707 605 3796 quamque
622 3677 940 3771 familiarissime.
1203 3760 1205 3765 .

94 3824 96 3881 ;
145 3838 151 3849 ·
258 3797 475 3888 Hocioter
492 3800 720 3909 precipuas
738 3794 1117 3909 peregrinationum
1134 3815 1224 3880 nto·

94 4018 99 4095 t
151 3908 288 4009 sestias
304 3937 497 4027 numero,
514 3909 629 4037 quod
646 3935 742 4007 raro
758 3935 843 4007 oon
857 3908 1088 4111 postremis?
1105 3908 1225 4117 effa&

1017 4046 1120 4120 alell
1151 4046 1168 4119 l
