2784 4625
205 281 330 412 mnt-
637 309 842 382 '⁵²3⁵

156 489 158 494 ’
205 517 256 583 nt
268 485 370 607 jurii
387 487 552 585 dicundi
572 490 901 581 tribunaisecum
919 492 1272 610 ¹adscendat-qund

207 636 262 697 ex
285 609 511 718 consiliarii
538 610 579 698 in
600 607 864 718 judicialibus
887 614 1042 713 intimi,
1070 639 1157 725 quo
1175 640 1273 723 gau·¹

207 724 341 826 deren
369 726 598 823 axiomate5
627 721 719 831 jure
741 719 813 808 suo
830 720 973 833 posset⁴
1030 725 1148 811 Patet
1172 723 1274 812 invi·

150 911 153 916 .
206 841 326 924 tanti:
350 835 638 923 advenientem
658 833 821 923 summo
836 836 949 948 juxta
967 838 1004 923 se
1020 837 1113 924 loco
1132 836 1272 924 sedere

206 952 401 1058 Ditesior
417 950 555 1063 jubet,
584 977 630 1036 ac
644 948 830 1038 sermone
846 949 997 1053 salutat,
1029 958 1101 1064 qui
1118 956 1161 1040 δι
1178 954 1271 1065 ipst·

204 1092 257 1152 us
287 1067 336 1152 ad
360 1091 487 1179 quem
509 1060 780 1176 ditediusest,
810 1063 911 1150 senis
933 1066 1196 1169 venerabilis,
1225 1069 1271 1157 ὅτ

207 1184 633 1290 οωηίυωῖᾳιιοεᾳιιοῑ
655 1177 841 1281 aderant,
873 1182 1096 1289 praecordia
1112 1185 1163 1266 ita
1178 1206 1269 1266 mo·

204 1298 286 1395 vit,
315 1317 363 1380 ut
380 1296 502 1378 etiam
518 1292 701 1379 lacrimas
719 1293 896 1379 eliceret.
927 1297 1048 1398 Ecce,
1066 1302 1131 1398 ait,
1149 1318 1269 1407 quot·

164 1430 313 1523 „quot
335 1407 409 1493 hic·
425 1405 639 1516 praesentes
666 1411 856 1522 intueris,
900 1410 968 1494 Te
999 1434 1269 1530 communem

203 1520 325 1608 suum
344 1522 589 1635 Magistrum
609 1546 755 1607 omnes
771 1547 1031 1633 tenetentum
1057 1539 1268 1636 tuumque

202 1661 397 1756 magnam
416 1658 576 1746 partem
591 1638 649 1721 est
666 1638 884 1735 meritum,
915 1636 1121 1751 quidquid
1136 1640 1196 1721 isti
1213 1663 1266 1725 ex
1302 1695 1306 1703 ·

157 1819 160 1824 ,
194 1750 287 1837 'hoc
303 1750 396 1835 loco
412 1747 511 1833 boni
533 1754 577 1834 in
596 1752 765 1858 patriam
783 1748 1042 1837 contulerint.
1088 1750 1267 1863 Respon-

204 1864 303 1950 dete
321 1889 493 1950 conatur
508 1886 648 1948 motus
662 1862 935 1976 inexspeaato
951 1865 1113 1949 honore
1129 1866 1172 1951 δι
1187 1864 1263 1950 ser'·

201 2005 329 2068 anone
359 1976 478 2062 senex
510 1975 786 2063 venerandus:
846 1978 926 2065 Sed
949 1979 1123 2065 lacrima
1147 1978 1265 2093 loqui

103 2153 106 2157 -
135 2170 137 2174 ,
202 2093 422 2181 conantem
445 2094 721 2204 intercipiunt.
796 2091 925 2177 Pauca
951 2115 1113 2179 tantum·
1133 2093 1264 2181 verba

150 2293 154 2304 ,
200 2208 293 2320 post
308 2205 486 2320 aliquam
504 2231 666 2292 moram
684 2203 847 2291 tandem
869 2206 1065 2313 reddidit,
1097 2205 1162 2322 sed
1177 2207 1263 2320 ple·

199 2349 252 2411 na
267 2309 653 2433 sansunpondere.
830 2341 832 2344 ·
1221 2372 1223 2376 ·

129 2480 144 2544 χ
316 2436 412 2550 Ego
436 2431 527 2537 sane
548 2434 705 2538 nescio,
748 2453 800 2520 an
828 2432 1043 2547 pulchrius
1060 2431 1264 2546 spesdacu·

200 2547 291 2639 lum
309 2548 541 2662 poffitmihi
559 2573 747 2660 unquam
765 2552 1016 2660 contingere,
1039 2574 1108 2634 ant
1127 2549 1261 2657 maius

215 2666 436 2748 ‘roemium
465 2661 635 2776 publico
671 2664 714 2745 in
749 2663 970 2748 Academia
1010 2659 1263 2750 Professoti‘?

199 2691 283 2865 sset
304 2777 407 2862 mihi
515 2774 645 2889 siquid
671 2774 873 2886 ejusmodi
896 2802 1062 2863 mereor
1175 2777 1260 2862 hoc

198 2892 337 2991 Deus,
369 2913 417 2976 ut
441 2914 566 2982 nemo
589 2878 906 3000 discipulorum‚'
943 2916 1049 3003 quos
1072 2916 1258 3005 unquam

197 3005 343 3109 habui,
374 3027 444 3090 aut
458 3002 692 3108 habitatus.
713 3003 823 3096 sum,
849 3002 929 3090 stne
944 3002 1033 3095 ullo
1055 3004 1196 3117 insigni
1215 3008 1261 3092 in

198 3123 388 3234 patriam,
426 3119 469 3206 81
492 3119 535 3203 in
559 3117 873 3220 humanitatem,
910 3122 1078 3221 merito,
1118 3145 1171 3203 ex
1194 3118 1260 3202 his

197 3238 317 3320 terris
326 3231 374 3318 ad
393 3230 534 3342 plures
551 3230 692 3344 abeat3
722 3255 865 3343 utque,
887 3229 987 3317 dum
1005 3230 1104 3319 tuba
1120 3231 1168 3318 ad
1178 3231 1257 3343 Ju-

196 3348 297 3435 dicis
316 3344 493 3432 tribunal
509 3348 736 3446 vocaverit,
768 3343 990 3430 meminisse
1012 3346 1172 3458 possim,
1189 3372 1260 3432 me

194 3460 364 3548 eustore
401 3459 555 3548 multos
586 3457 693 3546 bene
724 3454 841 3544 fuisse
866 3458 916 3544 de
940 3464 1088 3578 patria,
1135 3459 1255 3552 &dn

194 3577 446 3671 humanitate
462 3579 645 3665 meritos.
702 3567 860 3662 Amen!
965 3607 967 3609 ’
