2784 4625
429 295 433 302 ’
580 331 798 386 2¹:222
1161 360 1232 432 ,μ

135 495 457 606 ῑ-Ἠίηηονεταιη
473 494 683 587 &Albim
708 494 931 612 interjacet,
958 491 1226 606 aLunebur·

137 637 210 732 -go
228 639 382 702 nomeu
404 614 594 734 adeptam
625 614 722 720 (die
741 613 1024 728 Luneburger
1046 618 1225 728 Hayde)

136 755 283 844 atque
296 728 353 816 ob
373 721 601 832 fastidium,
631 728 747 842 quod
774 754 836 817 tot
858 729 945 816 aliis
961 737 1223 842 peregrinan-

134 848 265 932 tibus
290 840 479 930 caullalle
504 843 672 944 dicitur,
705 840 793 929 fere
817 840 1034 948 infamem,
1064 849 1222 946 itineris

141 959 255 1168 alass
272 957 493 1062 molestias,
523 981 626 1073 quas
641 955 886 1063 accusarem,
916 959 1011 1063 diu,
1037 958 1220 1060 noiluve

134 1113 139 1122 ·
189 1095 355 1159 neum.

262 1187 323 1272 Ut
348 1185 460 1272 enim
483 1205 657 1287 taceam,
693 1179 871 1300 longum
897 1205 1014 1270 terrae
1033 1180 1219 1286 :troilum

132 1297 453 1502 pulcherrima,
497 1300 643 1385 humili
669 1298 786 1401 licet,
833 1298 961 1386 herba
1005 1299 1218 1405 (Heiden

132 1453 141 1464 ·
174 1419 299 1518 taut)
327 1415 444 1500 velut
466 1416 663 1499 continuo
685 1412 814 1497 attlaeo
833 1411 1003 1506 testum,
1035 1419 1215 1502 nonina·

132 1545 337 1616 -rnoenum
362 1527 492 1614 oculis
508 1526 703 1613 obtutum
720 1525 818 1628 effe,
850 1530 893 1617 δι
920 1530 1100 1614 novitate
1131 1528 1213 1634 sua,

131 1647 281 1758 prima
306 1639 443 1727 saltem
469 1646 561 1728 vice
584 1640 880 1732 transeuntium
913 1641 1087 1744 oculus,
1130 1648 1215 1734 ani·

139 1777 353 1872 mumque
388 1781 620 1865 occupare:
641 1817 644 1826 .
670 1755 886 1842 deleilavit
922 1780 1006 1846 non
1032 1782 1212 1869 parum,

146 1881 277 1986 tp'um
301 1872 367 1957 hic
391 1868 615 1956 duleillima
637 1870 759 1954 mella
783 1867 1086 1985 colligentium,
1116 1899 1212 1982 ope·

130 1981 235 2074 :rosa
267 1983 429 2102 agmina
460 1989 614 2090 circum
646 1984 853 2070 volitantia
881 1983 1108 2072 advertilse:
1152 1986 1212 2071 ibi

142 2100 385 2216 cornigeras
400 2096 580 2186 oviculas
600 2097 890 2209 lepidiffimum
910 2098 1076 2201 animal,
1108 2100 1212 2209 ejus·

101 2211 264 2302 'illudi
294 2209 516 2329 regionum
555 2235 736 2313 amana,¹
778 2212 943 2341 illisque
977 2218 1211 2325 proprium,

103 2372 106 2377 ·
130 2326 586 2428 ¹cateruatimbalantes,
601 2326 809 2412 hincinde
823 2331 945 2412 etiarn
959 2327 1211 2421 bovesnune

127 2438 350 2559 singulos,
388 2442 501 2530 nunc
528 2438 721 2527 collectos
748 2441 906 2549 pastum
935 2444 1018 2535 ire:¹
1042 2440 1210 2529 uastam

126 2556 358 2671 planitiem
385 2580 497 2675 nunc
519 2552 745 2657 arbuscula,
771 2580 883 2641 nunc
906 2580 989 2641 una
1020 2551 1209 2663 plurium
1246 2660 1248 2665 Ι

125 2672 342 2785 arborum
379 2674 553 2786 pinigeri
588 2673 752 2783 generis
787 2665 967 2773 familia,.
997 2668 1209 2782 intercipi:

124 2806 258 2887 nunc
273 2790 491 2900 tugurium
512 2787 555 2870 in
572 2784 712 2869 medio
727 2787 813 2892 agri
832 2782 1052 2871 arboribus
1077 2788 1118 2869 in
1139 2812 1209 2871 cu·

124 2899 315 2989 ‘stodiam
334 2898 586 2999 circumdati,
616 2892 829 3011 &aggere
844 2923 896 2982 ex
918 2901 1106 3009 congesta
1125 2899 1209 3009 gle-

124 3010 193 3103 uu
210 3013 359 3116 vallati,
388 3034 442 3121 ex
464 3010 582 3098 densa
599 3013 798 3099 arborum
814 3012 1209 3121 umbrapromicare

123 3122 302 3233 uidille,
346 3126 389 3215 u
415 3129 652 3213 varietatem
677 3149 821 3237 rerum
846 3124 1052 3236 copiosam
1079 3122 1207 3212 olien-

125 3236 253 3343 utu,
309 3230 369 3339 Ut
384 3241 472 3327 haec
487 3244 658 3355 inquam
675 3265 844 3342 taceam,
871 3239 942 3327 diu
961 3242 1104 3339 tenuit,
1122 3242 1205 3337 ani·

124 3368 347 3470 mumque
370 3352 501 3442 allecir
522 3379 605 3441 una
630 3353 821 3466 cogitatio
846 3352 911 3441 hic
933 3377 1054 3449 natat·
1071 3349 1204 3441 Natu·

136 3486 254 3572 tam,
301 3472 546 3579 etiamtum
570 3472 750 3556 maxime
777 3469 914 3580 quieta
939 3466 1124 3571 viderur,
1162 3471 1205 3553 in

119 3586 263 3673 suavis
287 3586 488 3671 continuo
510 3574 660 3671 formis
682 3578 959 3694 producendis
981 3578 1061 3667 fine
1082 3586 1204 3667 inter·

118 3693 248 3787 uallo
264 3692 468 3807 laborare.¹
522 3696 624 3784 Inde
647 3697 814 3783 videbar
831 3694 944 3798 mihi,
973 3718 1081 3788 tanta
1096 3701 1204 3789 inter

115 3804 263 3901 zanua
287 3814 470 3929 regionis
495 3809 665 3912 silentia,
693 3809 761 3896 vel
777 3807 979 3898 levlffimie
997 3812 1203 3921 operantis

115 3908 187 4019 dn
205 3921 443 4043 maaru'sau
460 3918 817 4129 officiuangture,
846 3912 1206 4025 modbusauscul·

176 4062 223 4109 2-
289 4102 292 4109 -
440 4054 447 4082 '
725 4060 750 4124 2
1065 4052 1152 4124 til!
