2784 4625
562 282 765 373 ἘΞ-*Ἥ
1110 311 1193 374 aru

384 397 395 547 Ι,
479 437 614 537 Medio
640 449 746 535 inter
766 442 901 553 prasio
911 440 1082 561 semper,
1181 518 1190 570 Ι.

233 577 442 669 Stellarum
456 577 606 691 talique
617 576 744 688 plagis
748 570 974 694 superisque
991 587 1135 673 ootout'.
1145 644 1173 689 „

170 894 176 898 .
243 791 544 880 Brunosuicum
581 791 756 892 rediens,
785 794 982 888 interiora
1005 802 1201 910 nemoris,

130 907 251 1027 quod
273 907 462 1005 medium
485 914 548 993 via
577 911 688 1022 regia
711 905 939 1013 intersecat,
979 909 1037 1006 ad,
1053 912 1199 1002 laevam

131 1026 302 1127 intravi,
348 1047 395 1109 ut
426 1020 543 1137 quod
576 1025 633 1108 ibi
666 1019 740 1109 fibi
775 1021 891 1111 struit
921 1022 1202 1138 sepulchrum,

133 1137 272 1226 adbuc
304 1135 502 1248 superstes
536 1140 673 1249 magni
711 1134 906 1225 Friderici
936 1138 1205 1248 Borusinrum

167 1250 306 1338 uonda
367 1255 474 1365 regis
492 1248 607 1335 soror
624 1248 872 1362 praedilesia,
902 1251 1029 1343 Ducis
1046 1252 1206 1343 Bruno·

136 1280 328 1453 luteenrs
371 1390 527 1471 mater,
576 1362 774 1450 viderem.
853 1365 924 1454 Est
951 1368 1026 1483 ipfi
1056 1394 1207 1463 nemus
1261 1403 1263 1409 ·

140 1480 259 1583 illud,
290 1477 392 1582 cum'
402 1476 612 1589 adjacente
631 1476 785 1592 praedio
801 1479 960 1589 adeoin
978 1481 1142 1589 deliciis,
1158 1508 1209 1574 ut

144 1592 261 1709 quod
278 1596 503 1680 amoeniore
524 1596 617 1678 anni
643 1617 757 1707 parte
782 1592 1046 1685 diversorium
1070 1598 1210 1706 habet,

144 1712 267 1794 etiam
283 1706 426 1819 sponte
441 1706 630 1821 eligeret,
655 1708 771 1821 quod
793 1734 956 1796 mortua
972 1711 1182 1802 habitaret.

138 1832 141 1835 ’
258 1823 455 1910 Vicinum
480 1820 859 1934 Qtelpherbyranae
879 1824 1094 1938 Musarum
1113 1823 1211 1916 uan-

143 1934 247 2031 licae‚
279 1931 524 2054 habetsoror
540 1937 978 2051 germanabdusarum
994 1944 1075 2029 Ars
1085 1939 1213 2053 pisio-

144 2054 228 2153 eia,
259 2048 474 2138 sacrarium
502 2078 586 2158 oon
616 2049 823 2165 ignobile,
859 2053 1069 2165 &multa
1093 2051 1213 2144 artifi·
1262 2072 1265 2077 ’

149 2192 261 2267 curn,
276 2164 661 2283 aliorumqueDivae
677 2165 804 2276 hujus
823 2166 1214 2283 cultorumreligio·

147 2305 200 2365 ne
222 2275 435 2396 frequens.
494 2280 715 2368 Celebrem
740 2278 938 2396 intelliges
962 2307 1130 2369 mecum
1154 2284 1213 2370 mi

149 2392 345 2507 Bnenike,
383 2399 539 2513 quaejn
564 2392 806 2482 Salzdale'nsr
838 2393 1036 2512 Principis
1059 2394 1215 2510 praedio

150 2509 236 2607 est,
309 2511 633 2620 pinacothecam.
728 2506 849 2595 Diem
897 2505 985 2596 fere
1035 2510 1217 2597 mediam

152 2625 483 2738 contemplandis
510 2623 566 2710 ibi
591 2627 686 2709 artis
710 2620 955 2733 amarissimae
970 2652 1217 2715 monumen·
1247 2655 1251 2680 ¹

150 2734 202 2824 tis
221 2735 362 2827 dicavi.
418 2739 581 2826 Tribus
597 2740 802 2850 precipue
817 2742 985 2825 maximi
1000 2739 1152 2827 artificii
1174 2738 1218 2828 dr

146 2858 274 2967 pretii
297 2849 442 2943 tabulis
466 2849 795 3048 contemplandis
823 2854 1087 2965 immoratus,
1127 2852 1220 2939 reli·

150 2992 256 3164 pnes
272 2968 353 3055 levi
373 2989 535 3056 tantum
552 2991 676 3076 ocuo
701 2958 931 3079 pertransii,
961 2969 1141 3054 imitatus
1166 2972 1223 3086 iu·

168 3086 277 3191 ignis
294 3088 444 3170 artium
466 3081 651 3174 cultoris,
679 3082 779 3165 civis
800 3078 1113 3192 quodammodo
1129 3084 1224 3183 moi,

156 3202 308 3307 equitis
332 3194 481 3297 franci,
512 3197 707 3295 Hutteni‚
739 3193 849 3281 haud
873 3198 926 3282 ita
951 3195 1113 3308 pridem
1129 3190 1223 3290 fatis

161 3303 308 3413 fundi,
327 3309 581 3414 cathedralis,
598 3336 692 3423 quae
703 3307 830 3423 Spirae
841 3310 898 3396 est
906 3308 1105 3410 Ecclefiae,
1122 3309 1226 3421 dum

160 3450 340 3528 viveret,
370 3425 526 3513 Decani
550 3420 808 3535 exemplum,
836 3428 923 3539 qui,
949 3448 998 3511 ut
1014 3448 1061 3513 ut
1083 3427 1226 3553 ingen·

158 3559 244 3627 tem
264 3541 358 3652 plus
377 3539 487 3626 mille
511 3537 767 3649 pislurarum
785 3535 875 3622 sane
897 3537 1120 3653 indgnium
1145 3538 1232 3655 tbe·
1296 3576 1299 3583 ¹

159 3648 329 3746 sautum
349 3656 585 3768 poffideret‚
617 3650 776 3738 nonnisi
800 3678 927 3742 unam
950 3657 1094 3766 quavis
1119 3651 1231 3766 sepci-

161 3799 285 3864 mana
311 3769 381 3857 suo
402 3767 618 3870 cubiculo,
649 3765 738 3851 aliis
758 3769 1003 3883 ceteroquin
1019 3793 1232 3859 ornamen-

165 3891 217 3981 tis
245 3910 436 4006 experte,
479 3911 531 3971 ne
553 3887 595 3972 in
622 3878 776 3973 diversa
802 3883 1053 3982 traheretur,
1102 3906 1231 4016 quem

959 4013 963 4021 '
1050 4019 1175 4092 unius
