<?xml version="1.0" encoding="UTF-8"?>
<!DOCTYPE html PUBLIC "-//W3C//DTD XHTML 1.0 Transitional//EN"
    "http://www.w3.org/TR/xhtml1/DTD/xhtml1-transitional.dtd">
<html xmlns="http://www.w3.org/1999/xhtml" xml:lang="en" lang="en">
 <head>
  <title>
</title>
<meta http-equiv="Content-Type" content="text/html;charset=utf-8" />
  <meta name='ocr-system' content='tesseract 3.04.00' />
  <meta name='ocr-capabilities' content='ocr_page ocr_carea ocr_par ocr_line ocrx_word'/>
</head>
<body>
  <div class='ocr_page' id='page_1' title='image "./operaomniasanct01librgoog_0140.png"; bbox 0 0 2784 4625; ppageno 0'>
   <div class='ocr_carea' id='block_1_1' title="bbox 189 299 826 420">
    <p class='ocr_par' dir='ltr' id='par_1_1' title="bbox 189 299 826 420">
     <span class='ocr_line' id='line_1_1' title="bbox 189 299 826 420; baseline -0.005 -24"><span class='ocrx_word' id='word_1_1' title='bbox 189 335 303 420; x_wconf 57' lang='grc' dir='ltr'>ρω-</span> <span class='ocrx_word' id='word_1_2' title='bbox 412 369 488 392; x_wconf 81' lang='lat'>·.</span> <span class='ocrx_word' id='word_1_3' title='bbox 625 299 826 374; x_wconf 50' lang='grc' dir='ltr'>*ΞΕ</span> 
     </span>
    </p>
   </div>
   <div class='ocr_carea' id='block_1_2' title="bbox 110 471 1308 4029">
    <p class='ocr_par' dir='ltr' id='par_1_2' title="bbox 110 471 1308 2072">
     <span class='ocr_line' id='line_1_2' title="bbox 196 471 1274 577; baseline -0.011 -7"><span class='ocrx_word' id='word_1_4' title='bbox 196 501 236 570; x_wconf 81' lang='lat' dir='ltr'>ro</span> <span class='ocrx_word' id='word_1_5' title='bbox 260 474 504 577; x_wconf 74' lang='lat' dir='ltr'>visitatione,</span> <span class='ocrx_word' id='word_1_6' title='bbox 526 474 774 568; x_wconf 79' lang='lat' dir='ltr'>rusticorum</span> <span class='ocrx_word' id='word_1_7' title='bbox 797 471 1274 564; x_wconf 66' lang='lat' dir='ltr'>Brunoiuieenliumoll·</span> 
     </span>
     <span class='ocr_line' id='line_1_3' title="bbox 198 589 1273 709; baseline -0.006 -28"><span class='ocrx_word' id='word_1_8' title='bbox 198 596 313 709; x_wconf 82' lang='lat' dir='ltr'>quis,</span> <span class='ocrx_word' id='word_1_9' title='bbox 344 595 387 677; x_wconf 93' lang='lat' dir='ltr'>in</span> <span class='ocrx_word' id='word_1_10' title='bbox 414 589 602 677; x_wconf 87' lang='lat' dir='ltr'>confiniis</span> <span class='ocrx_word' id='word_1_11' title='bbox 629 595 849 706; x_wconf 85' lang='lat' dir='ltr'>utriusque</span> <span class='ocrx_word' id='word_1_12' title='bbox 875 590 1042 680; x_wconf 84' lang='lat' dir='ltr'>ditionis</span> <span class='ocrx_word' id='word_1_13' title='bbox 1067 591 1273 693; x_wconf 82' lang='lat' dir='ltr'>habitem,-</span> 
     </span>
     <span class='ocr_line' id='line_1_4' title="bbox 110 703 1274 817; baseline -0.003 -23"><span class='ocrx_word' id='word_1_14' title='bbox 110 775 113 794; x_wconf 57' lang='lat'><em>2</em></span> <span class='ocrx_word' id='word_1_15' title='bbox 199 707 304 800; x_wconf 87' lang='lat' dir='ltr'>mihi</span> <span class='ocrx_word' id='word_1_16' title='bbox 313 756 327 801; x_wconf 82' lang='lat'><em>‚</em></span> <span class='ocrx_word' id='word_1_17' title='bbox 358 704 469 817; x_wconf 83' lang='lat' dir='ltr'>quast</span> <span class='ocrx_word' id='word_1_18' title='bbox 495 708 539 791; x_wconf 93' lang='lat' dir='ltr'>in</span> <span class='ocrx_word' id='word_1_19' title='bbox 561 708 1002 802; x_wconf 82' lang='lat' dir='ltr'>enimomvicinorum</span> <span class='ocrx_word' id='word_1_20' title='bbox 1023 703 1274 810; x_wconf 88' lang='lat' dir='ltr'>suorumlo·</span> 
     </span>
     <span class='ocr_line' id='line_1_5' title="bbox 201 813 1275 938; baseline 0.003 -30"><span class='ocrx_word' id='word_1_21' title='bbox 201 846 351 938; x_wconf 86' lang='lat' dir='ltr'>quens,</span> <span class='ocrx_word' id='word_1_22' title='bbox 369 824 409 903; x_wconf 93' lang='lat' dir='ltr'>in</span> <span class='ocrx_word' id='word_1_23' title='bbox 426 845 571 905; x_wconf 84' lang='lat' dir='ltr'>aurem</span> <span class='ocrx_word' id='word_1_24' title='bbox 588 818 701 922; x_wconf 83' lang='lat' dir='ltr'><strong>dixit,</strong></span> <span class='ocrx_word' id='word_1_25' title='bbox 713 820 820 905; x_wconf 83' lang='lat' dir='ltr'>illam</span> <span class='ocrx_word' id='word_1_26' title='bbox 838 813 965 908; x_wconf 83' lang='lat' dir='ltr'>vide&#39;ri</span> <span class='ocrx_word' id='word_1_27' title='bbox 984 826 1131 935; x_wconf 84' lang='lat' dir='ltr'>magis,</span> <span class='ocrx_word' id='word_1_28' title='bbox 1141 846 1275 931; x_wconf 75' lang='lat' dir='ltr'>quem</span> 
     </span>
     <span class='ocr_line' id='line_1_6' title="bbox 199 933 1308 1046; baseline -0.003 -24"><span class='ocrx_word' id='word_1_29' title='bbox 199 933 283 1044; x_wconf 74' lang='lat' dir='ltr'>else·</span> <span class='ocrx_word' id='word_1_30' title='bbox 312 934 484 1046; x_wconf 77' lang='lat' dir='ltr'>utilem3</span> <span class='ocrx_word' id='word_1_31' title='bbox 530 938 811 1021; x_wconf 86' lang='lat' dir='ltr'>timereenim</span> <span class='ocrx_word' id='word_1_32' title='bbox 836 936 1053 1036; x_wconf 90' lang='lat' dir='ltr'>colonum,</span> <span class='ocrx_word' id='word_1_33' title='bbox 1091 935 1273 1039; x_wconf 71' lang='lat' dir='ltr'>Danaos,</span> <span class='ocrx_word' id='word_1_34' title='bbox 1306 955 1308 960; x_wconf 91' lang='grc'><strong><em>·</em></strong></span> 
     </span>
     <span class='ocr_line' id='line_1_7' title="bbox 200 1046 1276 1163; baseline -0.005 -26"><span class='ocrx_word' id='word_1_35' title='bbox 200 1077 253 1160; x_wconf 90' lang='lat' dir='ltr'>ne</span> <span class='ocrx_word' id='word_1_36' title='bbox 278 1071 421 1136; x_wconf 86' lang='lat' dir='ltr'>contra</span> <span class='ocrx_word' id='word_1_37' title='bbox 438 1073 565 1160; x_wconf 86' lang='lat' dir='ltr'>quem</span> <span class='ocrx_word' id='word_1_38' title='bbox 582 1046 702 1136; x_wconf 78' lang='lat' dir='ltr'>ausus</span> <span class='ocrx_word' id='word_1_39' title='bbox 727 1050 772 1136; x_wconf 76' lang='lat' dir='ltr'>sit</span> <span class='ocrx_word' id='word_1_40' title='bbox 790 1050 985 1160; x_wconf 81' lang='lat' dir='ltr'>praelenre</span> <span class='ocrx_word' id='word_1_41' title='bbox 1000 1054 1112 1163; x_wconf 85' lang='lat' dir='ltr'>regis</span> <span class='ocrx_word' id='word_1_42' title='bbox 1135 1052 1276 1156; x_wconf 77' lang='lat' dir='ltr'>enrico</span> 
     </span>
     <span class='ocr_line' id='line_1_8' title="bbox 219 1160 1276 1275; baseline -0.006 -21"><span class='ocrx_word' id='word_1_43' title='bbox 219 1164 423 1264; x_wconf 66' lang='lat' dir='ltr'>&#39;uerulori</span> <span class='ocrx_word' id='word_1_44' title='bbox 439 1163 520 1248; x_wconf 91' lang='lat' dir='ltr'>hoc</span> <span class='ocrx_word' id='word_1_45' title='bbox 536 1160 716 1266; x_wconf 87' lang='lat' dir='ltr'>ahsente,</span> <span class='ocrx_word' id='word_1_46' title='bbox 731 1164 877 1250; x_wconf 79' lang='lat' dir='ltr'>habeat</span> <span class='ocrx_word' id='word_1_47' title='bbox 891 1165 968 1250; x_wconf 85' lang='lat' dir='ltr'>suae</span> <span class='ocrx_word' id='word_1_48' title='bbox 985 1166 1154 1252; x_wconf 82' lang='lat' dir='ltr'>licentior</span> <span class='ocrx_word' id='word_1_49' title='bbox 1173 1185 1276 1275; x_wconf 55' lang='lat' dir='ltr'>pref</span> 
     </span>
     <span class='ocr_line' id='line_1_9' title="bbox 199 1191 1276 1393; baseline -0.006 -26"><span class='ocrx_word' id='word_1_50' title='bbox 199 1191 358 1366; x_wconf 47' lang='lat' dir='ltr'>{ntem</span> <span class='ocrx_word' id='word_1_51' title='bbox 373 1274 576 1362; x_wconf 85' lang='lat' dir='ltr'>vindicem</span> <span class='ocrx_word' id='word_1_52' title='bbox 600 1280 824 1390; x_wconf 82' lang='lat' dir='ltr'>Satrapam</span> <span class='ocrx_word' id='word_1_53' title='bbox 848 1337 851 1342; x_wconf 91' lang='lat'><em>-</em></span> <span class='ocrx_word' id='word_1_54' title='bbox 879 1277 962 1368; x_wconf 79' lang='lat' dir='ltr'>Sed</span> <span class='ocrx_word' id='word_1_55' title='bbox 983 1273 1276 1393; x_wconf 71' lang='lat' dir='ltr'>quidquid-sire¹</span> 
     </span>
     <span class='ocr_line' id='line_1_10' title="bbox 201 1387 1274 1510; baseline -0.002 -32"><span class='ocrx_word' id='word_1_56' title='bbox 201 1389 306 1510; x_wconf 81' lang='lat' dir='ltr'>milri</span> <span class='ocrx_word' id='word_1_57' title='bbox 331 1416 420 1492; x_wconf 89' lang='lat' dir='ltr'>non</span> <span class='ocrx_word' id='word_1_58' title='bbox 448 1387 632 1504; x_wconf 85' lang='lat' dir='ltr'>displicet</span> <span class='ocrx_word' id='word_1_59' title='bbox 660 1391 748 1478; x_wconf 82' lang='lat' dir='ltr'>telis</span> <span class='ocrx_word' id='word_1_60' title='bbox 776 1391 1274 1482; x_wconf 82' lang='lat' dir='ltr'>contentio&amp;aemnletio</span> 
     </span>
     <span class='ocr_line' id='line_1_11' title="bbox 200 1503 1273 1617; baseline -0.004 -23"><span class='ocrx_word' id='word_1_61' title='bbox 200 1511 435 1612; x_wconf 74' lang='lat' dir='ltr'>vicinorum</span> <span class='ocrx_word' id='word_1_62' title='bbox 451 1506 730 1617; x_wconf 80' lang='lat' dir='ltr'>populorum3</span> <span class='ocrx_word' id='word_1_63' title='bbox 760 1531 836 1594; x_wconf 90' lang='lat' dir='ltr'>nec</span> <span class='ocrx_word' id='word_1_64' title='bbox 853 1531 991 1596; x_wconf 84' lang='lat' dir='ltr'>tamen</span> <span class='ocrx_word' id='word_1_65' title='bbox 1006 1503 1135 1594; x_wconf 83' lang='lat' dir='ltr'>ausim</span> <span class='ocrx_word' id='word_1_66' title='bbox 1149 1529 1273 1598; x_wconf 81' lang='lat' dir='ltr'>certe·</span> 
     </span>
     <span class='ocr_line' id='line_1_12' title="bbox 201 1617 1271 1735; baseline -0.005 -26"><span class='ocrx_word' id='word_1_67' title='bbox 201 1626 325 1710; x_wconf 86' lang='lat' dir='ltr'>minis</span> <span class='ocrx_word' id='word_1_68' title='bbox 349 1617 501 1705; x_wconf 81' lang='lat' dir='ltr'>arbiter</span> <span class='ocrx_word' id='word_1_69' title='bbox 522 1619 797 1725; x_wconf 80' lang='lat' dir='ltr'>intercedere,</span> <span class='ocrx_word' id='word_1_70' title='bbox 838 1623 880 1709; x_wconf 80' lang='lat' dir='ltr'>dr</span> <span class='ocrx_word' id='word_1_71' title='bbox 907 1624 958 1708; x_wconf 87' lang='lat' dir='ltr'>de</span> <span class='ocrx_word' id='word_1_72' title='bbox 974 1619 1271 1735; x_wconf 62' lang='lat' dir='ltr'>praerogative,</span> 
     </span>
     <span class='ocr_line' id='line_1_13' title="bbox 202 1733 1273 1852; baseline 0.002 -30"><span class='ocrx_word' id='word_1_73' title='bbox 202 1738 290 1822; x_wconf 81' lang='lat' dir='ltr'>u&#39;tri</span> <span class='ocrx_word' id='word_1_74' title='bbox 318 1756 544 1846; x_wconf 80' lang='lat' dir='ltr'>competat,</span> <span class='ocrx_word' id='word_1_75' title='bbox 585 1734 794 1824; x_wconf 85' lang='lat' dir='ltr'>decidere.</span> <span class='ocrx_word' id='word_1_76' title='bbox 857 1734 1074 1852; x_wconf 90' lang='lat' dir='ltr'>Quidquid</span> <span class='ocrx_word' id='word_1_77' title='bbox 1100 1733 1273 1824; x_wconf 83' lang='lat' dir='ltr'>boni&amp;-</span> 
     </span>
     <span class='ocr_line' id='line_1_14' title="bbox 201 1845 1268 1964; baseline -0.003 -27"><span class='ocrx_word' id='word_1_78' title='bbox 201 1850 317 1937; x_wconf 80' lang='lat' dir='ltr'>utili&#39;s</span> <span class='ocrx_word' id='word_1_79' title='bbox 343 1845 570 1962; x_wconf 74' lang='lat' dir='ltr'>utrobique</span> <span class='ocrx_word' id='word_1_80' title='bbox 601 1848 884 1957; x_wconf 86' lang='lat' dir='ltr'>deprehendi,</span> <span class='ocrx_word' id='word_1_81' title='bbox 919 1851 1050 1936; x_wconf 92' lang='lat' dir='ltr'>nullo</span> <span class='ocrx_word' id='word_1_82' title='bbox 1074 1851 1268 1964; x_wconf 82' lang='lat' dir='ltr'>patrium,</span> 
     </span>
     <span class='ocr_line' id='line_1_15' title="bbox 203 1959 1276 2072; baseline 0.002 -22"><span class='ocrx_word' id='word_1_83' title='bbox 203 1962 603 2064; x_wconf 78' lang='lat' dir='ltr'>solius-humanitatis</span> <span class='ocrx_word' id='word_1_84' title='bbox 626 1963 669 2049; x_wconf 70' lang='grc' dir='ltr'>ἃ</span> <span class='ocrx_word' id='word_1_85' title='bbox 692 1964 1032 2067; x_wconf 78' lang='lat' dir='ltr'>veritatis-studio,</span> <span class='ocrx_word' id='word_1_86' title='bbox 1057 1963 1178 2072; x_wconf 78' lang='lat' dir='ltr'>bone</span> <span class='ocrx_word' id='word_1_87' title='bbox 1192 1959 1276 2052; x_wconf 82' lang='lat' dir='ltr'>fide·</span> 
     </span>
    </p>

    <p class='ocr_par' dir='ltr' id='par_1_3' title="bbox 119 2186 1279 4029">
     <span class='ocr_line' id='line_1_16' title="bbox 324 2186 1276 2303; baseline 0.001 -26"><span class='ocrx_word' id='word_1_88' title='bbox 324 2189 470 2277; x_wconf 90' lang='lat' dir='ltr'>Unum</span> <span class='ocrx_word' id='word_1_89' title='bbox 494 2186 683 2302; x_wconf 90' lang='lat' dir='ltr'>quidem,</span> <span class='ocrx_word' id='word_1_90' title='bbox 716 2188 830 2303; x_wconf 92' lang='lat' dir='ltr'>quod</span> <span class='ocrx_word' id='word_1_91' title='bbox 849 2192 1142 2288; x_wconf 84' lang='lat' dir='ltr'>certillimum,¹</span> <span class='ocrx_word' id='word_1_92' title='bbox 1175 2187 1276 2288; x_wconf 60' lang='lat' dir='ltr'>latu</span> 
     </span>
     <span class='ocr_line' id='line_1_17' title="bbox 119 2293 1275 2421; baseline -0.003 -28"><span class='ocrx_word' id='word_1_93' title='bbox 119 2357 121 2362; x_wconf 95' lang='lat'>·</span> <span class='ocrx_word' id='word_1_94' title='bbox 192 2332 291 2421; x_wconf 75' lang='lat' dir='ltr'>&#39;que</span> <span class='ocrx_word' id='word_1_95' title='bbox 303 2300 498 2403; x_wconf 72' lang='lat' dir='ltr'>diffusum</span> <span class='ocrx_word' id='word_1_96' title='bbox 515 2293 714 2393; x_wconf 65' lang='lat' dir='ltr'>effectum·</span> <span class='ocrx_word' id='word_1_97' title='bbox 728 2307 871 2407; x_wconf 83' lang='lat' dir='ltr'>hebet,</span> <span class='ocrx_word' id='word_1_98' title='bbox 886 2362 889 2367; x_wconf 93' lang='lat'>-</span> <span class='ocrx_word' id='word_1_99' title='bbox 907 2307 1087 2393; x_wconf 86' lang='lat' dir='ltr'>interris</span> <span class='ocrx_word' id='word_1_100' title='bbox 1104 2303 1275 2391; x_wconf 84' lang='lat' dir='ltr'>Hanno·</span> 
     </span>
     <span class='ocr_line' id='line_1_18' title="bbox 199 2419 1275 2533; baseline -0.004 -24"><span class='ocrx_word' id='word_1_101' title='bbox 199 2422 361 2509; x_wconf 74' lang='lat' dir='ltr'>veronis</span> <span class='ocrx_word' id='word_1_102' title='bbox 385 2421 621 2507; x_wconf 90' lang='lat' dir='ltr'>lnstitutum·</span> <span class='ocrx_word' id='word_1_103' title='bbox 635 2421 853 2531; x_wconf 89' lang='lat' dir='ltr'>publicum</span> <span class='ocrx_word' id='word_1_104' title='bbox 870 2419 977 2524; x_wconf 90' lang='lat' dir='ltr'>vidi,</span> <span class='ocrx_word' id='word_1_105' title='bbox 1006 2425 1074 2507; x_wconf 91' lang='lat' dir='ltr'>cui</span> <span class='ocrx_word' id='word_1_106' title='bbox 1090 2445 1166 2533; x_wconf 81' lang='lat' dir='ltr'>par</span> <span class='ocrx_word' id='word_1_107' title='bbox 1182 2430 1275 2525; x_wconf 53' lang='lat' dir='ltr'>nece</span> 
     </span>
     <span class='ocr_line' id='line_1_19' title="bbox 207 2533 1274 2647; baseline -0.005 -23"><span class='ocrx_word' id='word_1_108' title='bbox 207 2534 397 2647; x_wconf 79' lang='lat' dir='ltr'>dumella</span> <span class='ocrx_word' id='word_1_109' title='bbox 412 2557 519 2619; x_wconf 77' lang='lat' dir='ltr'>terre</span> <span class='ocrx_word' id='word_1_110' title='bbox 537 2533 773 2623; x_wconf 79' lang='lat' dir='ltr'>ostendit..-</span> <span class='ocrx_word' id='word_1_111' title='bbox 901 2570 904 2577; x_wconf 93' lang='lat'>·</span> <span class='ocrx_word' id='word_1_112' title='bbox 960 2598 962 2603; x_wconf 70' lang='lat'><em>.</em></span> <span class='ocrx_word' id='word_1_113' title='bbox 1266 2566 1274 2585; x_wconf 85' lang='lat'><strong>·</strong></span> 
     </span>
     <span class='ocr_line' id='line_1_20' title="bbox 222 2647 1273 2756; baseline 0.005 -21"><span class='ocrx_word' id='word_1_114' title='bbox 222 2714 225 2719; x_wconf 80' lang='lat'><em>-</em></span> <span class='ocrx_word' id='word_1_115' title='bbox 299 2648 436 2735; x_wconf 67' lang='lat' dir='ltr'>:Cum</span> <span class='ocrx_word' id='word_1_116' title='bbox 457 2648 606 2734; x_wconf 86' lang='lat' dir='ltr'>soleant</span> <span class='ocrx_word' id='word_1_117' title='bbox 625 2647 834 2756; x_wconf 87' lang='lat' dir='ltr'>plerisque</span> <span class='ocrx_word' id='word_1_118' title='bbox 851 2650 1033 2735; x_wconf 83' lang='lat' dir='ltr'>interris</span> <span class='ocrx_word' id='word_1_119' title='bbox 1051 2647 1273 2739; x_wconf 68' lang='lat' dir='ltr'>Hannovei</span> 
     </span>
     <span class='ocr_line' id='line_1_21' title="bbox 204 2759 1279 2873; baseline 0.001 -23"><span class='ocrx_word' id='word_1_120' title='bbox 204 2763 317 2865; x_wconf 81' lang='lat' dir='ltr'>renis</span> <span class='ocrx_word' id='word_1_121' title='bbox 339 2762 553 2873; x_wconf 71' lang='lat' dir='ltr'>agricole,</span> <span class='ocrx_word' id='word_1_122' title='bbox 585 2760 702 2873; x_wconf 92' lang='lat' dir='ltr'>quod</span> <span class='ocrx_word' id='word_1_123' title='bbox 721 2759 878 2864; x_wconf 87' lang='lat' dir='ltr'>serunt,</span> <span class='ocrx_word' id='word_1_124' title='bbox 906 2783 1094 2864; x_wconf 89' lang='lat' dir='ltr'>metunt,</span> <span class='ocrx_word' id='word_1_125' title='bbox 1120 2775 1279 2873; x_wconf 60' lang='lat' dir='ltr'>parente</span> 
     </span>
     <span class='ocr_line' id='line_1_22' title="bbox 204 2871 1277 2990; baseline 0.006 -29"><span class='ocrx_word' id='word_1_126' title='bbox 204 2901 291 2990; x_wconf 87' lang='lat' dir='ltr'>que</span> <span class='ocrx_word' id='word_1_127' title='bbox 319 2873 473 2976; x_wconf 90' lang='lat' dir='ltr'>linum,</span> <span class='ocrx_word' id='word_1_128' title='bbox 508 2871 772 2987; x_wconf 83' lang='lat' dir='ltr'>ipsimetper</span> <span class='ocrx_word' id='word_1_129' title='bbox 795 2874 992 2986; x_wconf 85' lang='lat' dir='ltr'>hyemem</span> <span class='ocrx_word' id='word_1_130' title='bbox 1023 2892 1215 2985; x_wconf 83' lang='lat' dir='ltr'>texere3·.&#39;</span> <span class='ocrx_word' id='word_1_131' title='bbox 1232 2877 1277 2967; x_wconf 81' lang='lat' dir='ltr'>in</span> 
     </span>
     <span class='ocr_line' id='line_1_23' title="bbox 203 2987 1276 3102; baseline 0.001 -28"><span class='ocrx_word' id='word_1_132' title='bbox 203 2992 363 3102; x_wconf 76' lang='lat' dir='ltr'>aliquot</span> <span class='ocrx_word' id='word_1_133' title='bbox 387 2987 562 3075; x_wconf 88' lang='lat' dir='ltr'>urbibus</span> <span class='ocrx_word' id='word_1_134' title='bbox 587 2990 759 3099; x_wconf 88' lang='lat' dir='ltr'>publico</span> <span class='ocrx_word' id='word_1_135' title='bbox 783 2990 981 3100; x_wconf 88' lang='lat' dir='ltr'>stipendio</span> <span class='ocrx_word' id='word_1_136' title='bbox 1006 2988 1100 3075; x_wconf 85' lang='lat' dir='ltr'>sunt·</span> <span class='ocrx_word' id='word_1_137' title='bbox 1120 2987 1276 3075; x_wconf 57' lang='lat' dir='ltr'>conda*</span> 
     </span>
     <span class='ocr_line' id='line_1_24' title="bbox 202 3100 1275 3217; baseline -0.006 -26"><span class='ocrx_word' id='word_1_138' title='bbox 202 3100 281 3207; x_wconf 59' lang='lat' dir='ltr'>elil,</span> <span class='ocrx_word' id='word_1_139' title='bbox 314 3105 410 3216; x_wconf 91' lang='lat' dir='ltr'>qui,</span> <span class='ocrx_word' id='word_1_140' title='bbox 441 3101 556 3215; x_wconf 92' lang='lat' dir='ltr'>quod</span> <span class='ocrx_word' id='word_1_141' title='bbox 580 3109 773 3217; x_wconf 89' lang='lat' dir='ltr'>quisque,</span> <span class='ocrx_word' id='word_1_142' title='bbox 804 3128 1065 3212; x_wconf 88' lang='lat' dir='ltr'>peromnem</span> <span class='ocrx_word' id='word_1_143' title='bbox 1084 3105 1275 3191; x_wconf 64' lang='lat' dir='ltr'>circoree</span> 
     </span>
     <span class='ocr_line' id='line_1_25' title="bbox 202 3212 1275 3333; baseline 0.002 -32"><span class='ocrx_word' id='word_1_144' title='bbox 202 3219 373 3333; x_wconf 83' lang='lat' dir='ltr'>gionem</span> <span class='ocrx_word' id='word_1_145' title='bbox 397 3215 596 3329; x_wconf 83' lang='lat' dir='ltr'>agricola,</span> <span class='ocrx_word' id='word_1_146' title='bbox 626 3215 806 3329; x_wconf 85' lang='lat' dir='ltr'>hyemali</span> <span class='ocrx_word' id='word_1_147' title='bbox 835 3219 921 3303; x_wconf 91' lang='lat' dir='ltr'>otio</span> <span class='ocrx_word' id='word_1_148' title='bbox 937 3218 1116 3305; x_wconf 88' lang='lat' dir='ltr'>linteum</span> <span class='ocrx_word' id='word_1_149' title='bbox 1132 3212 1275 3305; x_wconf 77' lang='lat' dir='ltr'>confer</span> 
     </span>
     <span class='ocr_line' id='line_1_26' title="bbox 206 3328 1273 3447; baseline 0.001 -31"><span class='ocrx_word' id='word_1_150' title='bbox 206 3333 328 3435; x_wconf 73' lang='lat' dir='ltr'>cerie,¹</span> <span class='ocrx_word' id='word_1_151' title='bbox 349 3330 393 3415; x_wconf 76' lang='lat' dir='ltr'>dr</span> <span class='ocrx_word' id='word_1_152' title='bbox 407 3328 654 3434; x_wconf 87' lang='lat' dir='ltr'>mensurent,</span> <span class='ocrx_word' id='word_1_153' title='bbox 681 3334 725 3419; x_wconf 79' lang='lat' dir='ltr'>dr</span> <span class='ocrx_word' id='word_1_154' title='bbox 743 3331 954 3433; x_wconf 87' lang='lat' dir='ltr'>aestiment,</span> <span class='ocrx_word' id='word_1_155' title='bbox 981 3353 1273 3447; x_wconf 79' lang='lat' dir='ltr'>quantumquo</span> 
     </span>
     <span class='ocr_line' id='line_1_27' title="bbox 201 3442 1272 3557; baseline 0.007 -30"><span class='ocrx_word' id='word_1_156' title='bbox 201 3443 250 3549; x_wconf 74' lang='lat' dir='ltr'>sit</span> <span class='ocrx_word' id='word_1_157' title='bbox 267 3444 312 3530; x_wconf 76' lang='lat' dir='ltr'>dr</span> <span class='ocrx_word' id='word_1_158' title='bbox 331 3442 482 3546; x_wconf 82' lang='lat' dir='ltr'>valeat,</span> <span class='ocrx_word' id='word_1_159' title='bbox 507 3470 621 3531; x_wconf 85' lang='lat' dir='ltr'>certo</span> <span class='ocrx_word' id='word_1_160' title='bbox 637 3444 751 3555; x_wconf 83' lang='lat' dir='ltr'>figno</span> <span class='ocrx_word' id='word_1_161' title='bbox 775 3445 974 3547; x_wconf 88' lang='lat' dir='ltr'>indicent,</span> <span class='ocrx_word' id='word_1_162' title='bbox 1005 3470 1130 3557; x_wconf 82' lang='lat' dir='ltr'>atque</span> <span class='ocrx_word' id='word_1_163' title='bbox 1149 3445 1272 3535; x_wconf 80' lang='lat' dir='ltr'>bonae</span> 
     </span>
     <span class='ocr_line' id='line_1_28' title="bbox 200 3555 1273 3670; baseline 0.002 -27"><span class='ocrx_word' id='word_1_164' title='bbox 200 3555 304 3653; x_wconf 60' lang='lat' dir='ltr'>fidei,</span> <span class='ocrx_word' id='word_1_165' title='bbox 323 3557 502 3659; x_wconf 88' lang='lat' dir='ltr'>indicio,</span> <span class='ocrx_word' id='word_1_166' title='bbox 547 3561 669 3665; x_wconf 72' lang='lat' dir='ltr'>armis</span> <span class='ocrx_word' id='word_1_167' title='bbox 695 3563 818 3670; x_wconf 83' lang='lat' dir='ltr'>regiis</span> <span class='ocrx_word' id='word_1_168' title='bbox 840 3564 1043 3647; x_wconf 85' lang='lat' dir='ltr'>munient.</span> <span class='ocrx_word' id='word_1_169' title='bbox 1117 3556 1273 3647; x_wconf 75' lang='lat' dir='ltr'>Id-:hec</span> 
     </span>
     <span class='ocr_line' id='line_1_29' title="bbox 202 3668 1276 3785; baseline 0.003 -29"><span class='ocrx_word' id='word_1_170' title='bbox 202 3668 401 3783; x_wconf 85' lang='lat' dir='ltr'>Principis</span> <span class='ocrx_word' id='word_1_171' title='bbox 419 3671 680 3781; x_wconf 82' lang='lat' dir='ltr'>providentie</span> <span class='ocrx_word' id='word_1_172' title='bbox 696 3669 966 3762; x_wconf 85' lang='lat' dir='ltr'>lucrifaciunt</span> <span class='ocrx_word' id='word_1_173' title='bbox 985 3675 1081 3760; x_wconf 92' lang='lat' dir='ltr'>boni</span> <span class='ocrx_word' id='word_1_174' title='bbox 1093 3674 1153 3758; x_wconf 84' lang='lat' dir='ltr'>isti</span> <span class='ocrx_word' id='word_1_175' title='bbox 1171 3674 1276 3785; x_wconf 61' lang='lat' dir='ltr'>egris</span> 
     </span>
     <span class='ocr_line' id='line_1_30' title="bbox 202 3784 1272 3904; baseline 0.003 -33"><span class='ocrx_word' id='word_1_176' title='bbox 202 3784 341 3895; x_wconf 70' lang='lat' dir='ltr'>colae,</span> <span class='ocrx_word' id='word_1_177' title='bbox 359 3808 406 3871; x_wconf 89' lang='lat' dir='ltr'>ut</span> <span class='ocrx_word' id='word_1_178' title='bbox 423 3786 721 3897; x_wconf 78' lang='lat' dir='ltr'>stnetenrporis</span> <span class='ocrx_word' id='word_1_179' title='bbox 738 3784 949 3899; x_wconf 87' lang='lat' dir='ltr'>impendio&#39;</span> <span class='ocrx_word' id='word_1_180' title='bbox 967 3787 1207 3904; x_wconf 86' lang='lat' dir='ltr'>frequentes</span> <span class='ocrx_word' id='word_1_181' title='bbox 1226 3790 1272 3874; x_wconf 92' lang='lat' dir='ltr'>in</span> 
     </span>
     <span class='ocr_line' id='line_1_31' title="bbox 198 3896 1272 4029; baseline 0.004 -41"><span class='ocrx_word' id='word_1_182' title='bbox 198 3896 280 4013; x_wconf 77' lang='lat' dir='ltr'>ipso</span> <span class='ocrx_word' id='word_1_183' title='bbox 303 3926 394 4007; x_wconf 78' lang='lat' dir='ltr'>uno,</span> <span class='ocrx_word' id='word_1_184' title='bbox 405 3898 533 4011; x_wconf 85' lang='lat' dir='ltr'>hujus</span> <span class='ocrx_word' id='word_1_185' title='bbox 553 3900 740 4029; x_wconf 63' lang='lat' dir='ltr'>instituti</span> <span class='ocrx_word' id='word_1_186' title='bbox 755 3900 849 3995; x_wconf 77' lang='lat' dir='ltr'>sede</span> <span class='ocrx_word' id='word_1_187' title='bbox 869 3906 1081 4003; x_wconf 73' lang='lat' dir='ltr'>inveniant</span> <span class='ocrx_word' id='word_1_188' title='bbox 1090 3903 1208 4022; x_wconf 73' lang='lat' dir='ltr'>,qui</span> <span class='ocrx_word' id='word_1_189' title='bbox 1230 3897 1272 3993; x_wconf 84' lang='lat' dir='ltr'>so</span> 
     </span>
    </p>
   </div>
   <div class='ocr_carea' id='block_1_3' title="bbox 0 0 1398 4625">
    <p class='ocr_par' dir='ltr' id='par_1_4' title="bbox 0 0 1398 4625">
     <span class='ocr_line' id='line_1_32' title="bbox 0 0 1398 4625; baseline 0 0"><span class='ocrx_word' id='word_1_190' title='bbox 0 0 1398 4625; x_wconf 95' lang='lat' dir='ltr'> </span> 
     </span>
    </p>
   </div>
  </div>
 </body>
</html>
