2784 4625
569 219 775 330 Σεὲ
1108 307 1113 326 ’
1133 303 1208 378 τ’ῑῖ

134 446 315 540 ementis
338 437 578 564 effodisque
602 441 823 544 machinis,
851 439 946 644 iXfis
973 440 1073 548 illis,
1101 467 1207 556 ques

135 581 253 654 nunc
281 558 474 673 possidet,
503 562 679 654 narranti
704 553 853 667 respon
883 561 960 644 erit
977 581 1084 646 tante
1101 557 1205 648 fidu·

142 683 223 778 tit,
253 673 365 789 quafi
382 669 565 784 votijem
581 696 738 758 certus:
780 670 928 758 “Ecce
945 671 1007 759 hae
1027 671 1205 785 aliquan·

141 791 199 880 do·
216 794 258 876 in
279 812 428 877 manus
444 813 556 874 meas
572 781 846 888 devenienti„
876 784 1120 904 objurganti
1133 813 1204 886 au·

142 927 227 992 tem
255 905 361 1017 patri
387 905 682 994 temeritatem,
720 897 990 1016 stolidumque
1012 900 1205 1013 praesum·

142 1022 310 1120 tionem,
328 1016 602 1128 replicaverit:
624 1015 881 1101 “Decretum
898 1015 998 1102 mihi
1017 1017 1085 1120 est,
1104 1042 1204 1108 meo

142 1131 293 1233 studio,
335 1158 427 1218 mea
448 1129 643 1216 industria
662 1151 822 1216 tantum
840 1131 931 1215 aeris
950 1154 1205 1239 comparare,

142 1273 196 1334 ut
223 1247 377 1332 horum
398 1247 536 1331 -.etiam
565 1249 824 1330 automatum
859 1240 1079 1357 aliquando
1114 1244 1206 1344 fieri

144 1385 319 1472 compos
340 1359 535 1474 poffim.,‚
566 1358 661 1469 Eia,
691 1356 794 1444 dixit
816 1380 946 1468 pater,
964 1356 1017 1445 ·&
1042 1354 1113 1446 fflii
1132 1384 1205 1446 vo·

144 1471 464 1588 infimumque
479 1473 689 1585 proposito
706 1465 915 1583 appiaofit.
1058 1517 1061 1522 ·

253 1590 355 1674 Haec
371 1589 463 1673 viri
482 1585 641 1700 imagoi
703 1583 1045 1697 Gazophilacium
1067 1580 1207 1697 ipsum

143 1726 190 1789 ut
204 1701 431 1815 perlustres,
448 1700 572 1816 paulo
589 1700 815 1801 adtentius,
845 1697 929 1784 dies
954 1724 1037 1786 non
1061 1695 1205 1786 suffici·

145 1819 241 1931 nnt3
274 1842 350 1901 nec
373 1841 507 1901 unum
533 1815 591 1900 iili
617 1812 887 1902 describendo
909 1812 1108 1928 volumen
1131 1835 1205 1925 pat

146 1933 209 2022 est,
269 1932 538 2044 Quocunque
577 1930 762 2017 demum·
780 1932 823 2015 in
854 1954 1006 2039 genere
1025 1950 1206 2031 natura,

143 2071 209 2132 aut
226 2070 292 2131 ars
318 2069 456 2129 rarum
476 2070 522 2129 ac
546 2043 747 2157 singulare
761 2041 1040 2158 quid-habet,
1086 2041 1209 2155 quid·

143 2159 248 2275 quid
269 2156 319 2244 ad
336 2157 514 2266 juvenda
536 2163 644 2246 varia
657 2161 700 2245 in
720 2156 935 2244 academiis
951 2156 1078 2244 studia
1093 2151 1208 2266 adju·

148 2278 274 2360 menti
293 2271 370 2359 esse
393 2273 538 2384 potest,
554 2272 642 2383 ejus
659 2296 771 2360 certo
786 2269 1004 2385 specimina
1021 2268 1206 2367 necvuI·

176 2395 259 2476 aria
282 2392 324 2473 in
353 2386 608 2500 Beyreisrano
648 2384 946 2500 gazophylacio
977 2384 1206 2497 deprehen·

143 2418 234 2591 des.
295 2502 511 2588 Sunt'libri
529 2501 729 2587 rariffimi:
758 2499 1207 2613 sunttabuiaepistae&

113 2720 118 2735 ἱ
144 2623 213 2705 ari
233 2615 383 2703 incisae:
404 2616 462 2702 est
481 2614 850 2729 numophyiacium
868 2614 1209 2729 copiofiffimum.:

149 2732 239 2819 sunt
257 2728 426 2842 lapides,
444 2754 569 2843 atque
588 2731 787 2815 hos-inter
804 2729 1087 2845 pretiostiiimi:
1113 2731 1208 2823 sunt

146 2874 244 2940 ara,
269 2845 436 2956 plantat,
465 2844 887 2948 animaliumrariores
903 2843 1103 2961 reliquiae,
1120 2878 1210 2941 arte
1257 2913 1260 2927 ·

145 2964 374 3047 anatomiea
392 2956 859 3071 proparatae,atque.zhas
875 2961 1087 3068 interdie,
1134 2993 1211 3059 uas

95 3112 97 3170 ε
143 3073 372 3161 inimitabili
390 3072 585 3160 industria
603 3074 645 3164 δι
663 3097 764 3175 arte,
792 3074 1090 3191 impendioque
1103 2993 1211 3169 dunt·

148 3213 272 3276 tuum
291 3191 484 3291 maximo,
502 3185 707 3274 Berolinas
720 3187 937 3299 quondam
952 3188 1212 3285 Lieberkiih·

147 3308 243 3395 nius
273 3306 530 3413 praeparavit.
588 3303 695 3387 Sunt
712 3302 982 3392 instrumenta
1006 3310 1212 3401 imitandis

142 3416 486 3529 explicandisque
503 3413 787 3528 phaenomenie
802 3436 979 3522 nature,
1006 3416 1213 3519 curandis

146 3530 400 3643 corporibus
423 3529 545 3633 lasis,
581 3527 981 3639 juvandashuman'ae
1005 3535 1212 3628 industria

142 3645 315 3735 idonea:
336 3644 432 3729 sunt
443 3667 649 3745 automata
662 3636 780 3734 tut-i(
779 3645 1082 3753 aucansoniane,
1107 3651 1214 3741 sunt.

146 3786 270 3846 mum
288 3758 489 3845 industtiae
508 3758 551 3843 dt
567 3755 738 3867 solertiae
756 3757 945 3852 humane
970 3789 1095 3881 opus,
1122 3786 1214 3883 que

146 3873 238 3963 viso
256 3875 411 3988 stupuit
436 3895 578 3960 natura
598 3864 765 3986 aeqtiiri.
1055 3983 1086 4075 P

196 4030 231 4043 .,
1089 4013 1156 4075 rae·
