2784 4625
178 311 244 412 1ιι
316 366 319 369 -
520 349 539 368 ·-
566 307 882 389 Annonrrtonss
1097 333 1100 338 ’

278 473 375 537 veteri
392 472 529 554 catalogo
549 474 693 535 librorum
713 476 952 550 apocryphorum
971 472 1078 536 Gelafii
1091 474 1197 551 Papa,
1228 472 1261 543 ὰ

277 559 509 633 Martytologils
526 551 656 618 Usuardi
673 557 703 618 ot
715 558 851 629 Adonis,
873 560 999 635 aliisque
1018 567 1173 623 veteribus
1193 578 1260 621 me·

275 642 438 705 nomentio.
480 636 597 723 Pitobio
612 655 661 703 aut
676 639 794 702 Perelio
807 643 856 701 seu
871 640 992 701 Petraia
1009 644 1192 703 Noricorum
1217 647 1259 707 est

277 725 440 805 oppidum,
463 723 547 798 cujus
567 726 681 785 mentio
705 724 739 786 fit
762 728 840 799 apud
862 725 1000 785 Taciturn
1017 728 1081 785 Lib.
1100 746 1128 804 3.
1142 726 1209 791 hill.
1226 730 1259 787 iu

220 840 223 855 ·
278 806 514 885 Cosmographia
533 805 665 872 AEthlci.
694 809 725 866 ln
746 809 904 870 itinerario
926 809 1091 879 Antonini,
1120 827 1174 871 nec
1195 828 1259 872 non

276 895 356 965 apud
370 894 554 952 Ammianum
568 890 776 952 Marcellinum
793 891 860 953 Lib.
876 906 920 967 ¹4·
931 893 997 957 hist.
1021 892 1260 956 &Ptolomaeum

120 1016 123 1022 ι
211 1031 217 1036 .
277 968 346 1040 le'.
355 993 385 1037 2.
400 987 521 1051 comm.
543 972 639 1047 HuJ'us
656 975 739 1035 urbis
751 974 916 1046 Episcopus
934 976 992 1036 fuit
1007 976 1179 1037 Victorinus
1195 978 1260 1044 ille,

206 1131 210 1136 ,
274 1076 338 1141 non
359 1058 546 1119 Plotavorum
567 1057 597 1115 in
619 1056 734 1133 Gallia,
766 1071 798 1118 ut
818 1055 881 1117 fuse
903 1056 1032 1119 ostendit
1051 1060 1203 1136 LounoJ‘us
1226 1063 1258 1120 in

274 1139 338 1208 dlii
356 1143 394 1203 de
409 1137 567 1202 victorino
581 1138 780 1216 Episcopo&
793 1142 945 1218 Martyre.
967 1144 997 1200 in
1018 1159 1075 1218 qua
1094 1142 1173 1203 hunc
1194 1144 1259 1213 Op-

211 1246 213 1251 ·
274 1226 330 1287 tati
342 1226 442 1286 locum
459 1222 594 1291 emendat
608 1240 645 1284 ex
662 1222 854 1299 conjectura,
874 1223 1017 1299 fimutqoe
1033 1229 1182 1291 observat,
1193 1227 1260 1284 edi·

270 1310 373 1371 tiones
390 1307 659 1383 Optatlmemloses
673 1303 741 1387 elle,
758 1309 789 1367 iit
803 1310 1034 1370 emendatiorem
1049 1309 1114 1369 lieri
1127 1313 1158 1371 in
1172 1313 1258 1376 votis

213 1398 215 1403 '
273 1392 396 1455 babet*
839 1437 841 1441 -

152 1490 155 1499 ’
194 1464 273 1553 iiio.
298 1470 663 1568 Zepherino'utbico.

235 1581 280 1641 lta
295 1576 324 1635 ln
340 1572 424 1634 MSS.
439 1576 467 1634 S.
481 1572 518 1633 G.
531 1570 560 1633 ot
571 1570 602 1629 P.
611 1572 641 1630 S.
669 1569 702 1633 In
712 1569 778 1637 Ms.
788 1570 914 1636 S.‘1’.*&
928 1573 958 1635 in
975 1572 1064 1635 editis
1080 1568 1259 1652 Zephyriam,

273 1656 325 1719 sed
339 1657 434 1730 vulgo
449 1672 575 1716 vocatur
592 1653 774 1735 Zephirism.
818 1655 940 1726 Urbim,
961 1658 1066 1724 idest,
1087 1660 1171 1718 urbis
1191 1660 1256 1715 Ro·

271 1757 326 1799 mor
338 1738 500 1815 Episcopo.
528 1737 579 1797 'Est
595 1738 659 1800 haec
674 1755 745 1800 nota
757 1740 892 1801 locutio.
904 1748 906 1750 ’
919 1740 965 1799 lta
983 1740 1087 1802 victor
1102 1740 1254 1802 Uticensis

148 1863 150 1872 .
272 1819 310 1884 de
325 1814 534 1896 §ersecutiotte
551 1812 712 1892 vandalica
725 1821 814 1880 habet
825 1822 918 1886 Lib.r
939 1838 949 1881 t
972 1820 1067 1905 Cujm‘
1082 1829 1190 1882 exitum
1208 1828 1256 1883 ito

272 1906 491 1987 urlirieeprrat
504 1903 682 1986 planxerunt
699 1904 755 1971 lo'e.
786 1906 824 1963 de
848 1906 977 1979 captivis
1000 1908 1142 1966 Romanis
1164 1923 1254 1979 agere

193 2048 208 2066 N
272 1991 389 2052 constat
402 2005 440 2049 ex
453 1988 700 2059 praecedentibus.
716 1986 868 2068 “Optatus
885 1988 1077 2051 etiam‘infra:
1101 1985 1255 2069 Postquam

273 2072 427 2138 ordinatur
441 2074 472 2132 in
486 2070 556 2133 orbe
570 2073 705 2155 (Romff)
717 2086 856 2153 purgatus
863 2091 874 2143 i
895 2073 1033 2151 idemque
1046 2071 1174 2132 alicubi:
1195 2070 1257 2141 Uro,

271 2156 335 2219 bt'oo
347 2149 594 2226 commemoratio,
614 2153 716 2215 eadem
733 2170 849 2238 tuente,
870 2168 902 2215 ut
916 2156 1006 2217 docet
1018 2154 1068 2213 M.
1078 2154 1202 2237 (ἔφηὸ,

190 2242 267 2321 iiii.
294 2254 333 2315 et
350 2238 624 2334 aTertulliano.
682 2256 684 2259 ’
1203 2288 1208 2295 .

220 2345 303 2404 Νοιι
317 2342 486 2412 immerito,
508 2337 689 2419 aitAibefit„
711 2334 790 2396 inter
805 2334 971 2400 Catholicae
984 2334 1115 2398 historiar
1132 2336 1255 2397 afferto·

264 2438 313 2487 res
331 2424 363 2486 ἀ
378 2426 514 2487 vindices
533 2422 749 2484 Tertullianum
767 2423 892 2493 Optatus
911 2424 1108 2498 adnumerat;¹
1120 2439 1184 2480 narn
1200 2438 1256 2479 ne·

267 2525 318 2568 mo
333 2523 460 2582 unquam
480 2509 576 2566 acrius
596 2509 627 2564 in
646 2504 805 2564 hereticos
823 2504 982 2571 vindiciam
1000 2506 1151 2576 exercuit,
1182 2521 1264 2573 cosa

269 2607 328 2668 que
343 2589 513 2664 persecutus
530 2593 589 2660 est,
611 2604 699 2663 quarn
714 2586 926 2652 Tertullianus.

108 2688 122 2719 ‘=
189 2674 269 2749 iiii.
295 2673 437 2766 utquid
455 2672 585 2745 bellum
600 2673 687 2751 otc„

233 2773 275 2833 Ut
289 2771 360 2853 quid
373 2775 453 2831 valet
465 2789 564 2850 quare.
587 2769 656 2830 Hoc
671 2769 763 2829 modo
779 2768 926 2845 loquendi
942 2765 1033 2829 statim
1049 2767 1125 2829 infra
1139 2769 1251 2829 iterum

216 2868 219 2873 ·
268 2857 364 2917 utitur
383 2859 528 2930 Optatus:
561 2850 925 2933 Urqeidaremrmormi
940 2849 1092 2930 firnsilii?
1133 2851 1250 2911 Eodem
1295 2916 1297 2920 ,

268 2938 330 2999 lroe
353 2942 446 3000 modo
467 2939 561 2999 utitur
582 2936 620 2997 D.
636 2935 839 3010 Hieronymus
860 2939 890 2995 in
906 2938 968 2996 vita
991 2936 1174 2994 Hilarionis:
1206 2932 1250 2993 Ur

263 3020 354 3102 quid,
385 3020 548 3102 respondit,
575 3023 716 3079 intrarem
739 3021 771 3076 in
792 3038 874 3091 eum,
902 3023 951 3095 qui
968 3018 1087 3077 babebat
1110 3016 1248 3096 collegam
1288 3061 1293 3070 .

264 3102 379 3165 meum?
402 3105 441 3166 Et
456 3105 603 3166 Martialis
618 3104 685 3163 Lib.
695 3114 726 3181 7.
740 3106 832 3177 epigr.
843 3117 908 3176 33.:
934 3097 974 3160 Ut
990 3102 1061 3182 quid
1076 3116 1109 3162 tu
1125 3096 1251 3162 Domini

159 3220 162 3224 <
268 3187 383 3270 Det'qut
397 3184 488 3263 nostri
499 3185 621 3270 profert
634 3186 821 3246 maneriam?
842 3185 871 3244 ἀ
890 3186 972 3246 alini.

184 3270 258 3347 titt.
287 3270 399 3369 Quod
412 3271 455 3343 ad
473 3270 656 3367 negotium
671 3265 969 3363 temporisnostri
984 3286 1060 3339 non
1075 3263 1246 3358 pertinet.

139 3389 146 3396 ’
220 3377 255 3435 ln
268 3373 333 3433 MS.
348 3373 378 3435 8.
388 3371 426 3432 G.
446 3365 511 3449 Qui
523 3368 562 3429 od
575 3371 718 3449 negotium
732 3373 867 3449 temporit
875 3366 966 3441 nostri
978 3386 1032 3424 tros
1045 3371 1204 3447 pertinent.

180 3458 257 3531 iiii.
284 3453 344 3529 sed
362 3454 443 3549 quia
460 3451 709 3544 Sclrr'smaticus
733 3490 786 3507 -··
809 3473 883 3526 non
899 3451 1019 3525 habea.
1051 3539 1053 3542 .
1136 3492 1138 3497 .

218 3556 264 3618 lta
276 3558 382 3615 melius
398 3557 471 3630 legit
484 3555 590 3614 Codex
604 3553 681 3611 San·
694 3547 906 3613 Germanenfis.
948 3548 980 3610 ln
998 3551 1098 3619 editis,
1111 3564 1169 3610 nee
1180 3564 1248 3613 nou

258 3639 289 3701 in
304 3641 390 3704 MSS.
403 3640 435 3700 S.
450 3638 509 3702 Th.
526 3635 602 3696 ull.
617 3635 648 3694 S·
661 3633 803 3696 habetur:
835 3632 892 3693 Sed
909 3637 975 3712 quir
983 3631 1143 3714 schismatis
1158 3630 1244 3697 hodie

258 3722 389 3800 aliquid,
410 3720 487 3802 quod
498 3719 618 3801 probare
631 3713 709 3797 poffit
724 3722 755 3778 irs
772 3717 950 3793 catholicos,
971 3736 1026 3777 non
1041 3716 1136 3781 habet.

102 3810 107 3891 't
136 3901 139 3907 ἱ
175 3791 249 3880 ilii.
278 3805 370 3898 apud
389 3824 479 3896 quos
498 3825 574 3879 non
594 3799 673 3875 sunt
693 3801 930 3890 Sacramenta.

103 3930 110 3991 i

103 3904 107 3925 ¹
213 3906 257 3970 Ea
277 3919 340 3966 errt
362 3907 521 3965 multorum
543 3905 630 3964 etiarn
652 3901 878 3964 Catholicorum
900 3901 930 3958 in
946 3897 1051 3963 Africa
1066 3896 1123 3977 iam
1138 3896 1242 3959 indes

124 4016 126 4018 ·
255 3983 405 4068 Gyprlani
423 3989 611 4064 'temporibus
633 3986 776 4061 sententis
788 4024 802 4060 ,
835 3985 1004 4061 bapuzatos
1028 3985 1065 4046 ab
1087 3981 1241 4044 hereticis

699 4098 717 4137 a
1015 4106 1018 4110 ι
1140 4061 1199 4127 elle
