2784 4625
583 343 799 377 ---··’
875 402 879 417 „
1066 350 1214 422 :curru

142 489 225 578 bus
242 487 589 603 impingebantur,
608 489 845 607 nominibus
861 487 985 575 fidem
998 487 1209 580 haberem.

144 605 290 694 Potius
307 604 501 713 injuriam
519 604 596 690 elle
616 606 794 709 credidi,
824 605 875 689 de
893 607 973 691 fide
992 607 1120 708 bona,
1150 635 1209 692 re⁶
1301 620 1306 630 ’

142 720 220 807 &is
242 724 449 819 moribuS,
480 721 523 807 &
546 720 655 830 justo
681 724 820 805 animo
845 720 1066 807 hominum
1092 721 1210 807 dubi·

142 857 246 939 tare,
286 833 510 946 dequibus
531 832 639 919 idad
657 832 868 922 summum
887 836 1068 921 constare
1095 862 1209 950 pote·

142 974 226 1055 rat,
256 947 467 1033 non‘reile
483 951 654 1060 opinari.
1038 985 1042 992 ·

267 1062 336 1148 Ne
353 1063 380 1175 J
386 1062 522 1148 udaeos
540 1064 708 1175 quidem
816 1087 924 1176 quos
945 1066 1075 1173 prima
1092 1088 1207 1152 aetate

143 1202 239 1264 mea
263 1177 398 1262 multo
424 1175 559 1265 adhue
584 1204 710 1289 quom
737 1202 849 1262 nunc
882 1179 1025 1263 durius
1051 1179 1206 1283 haberi,

141 1290 328 1378 ludibriis
348 1296 482 1393 etiam,
498 1294 554 1380 ‚uz
575 1288 833 1403 gravioribus
850 1291 1010 1400 injuriis
1034 1295 1208 1403 impune
1269 1373 1271 1378 .

144 1408 232 1519 p‘eti
249 1406 331 1491 vidi
350 1402 503 1489 ·····ullo
525 1406 652 1489 modo
670 1429 717 1487 ut
738 1403 950 1509 laederem,
979 1430 1027 1491 ut
1046 1404 1206 1514 durius,

146 1543 275 1633 quam
299 1517 432 1603 ullum
458 1514 584 1604 alium
611 1516 831 1620 homiuum
855 1545 925 1604 our
949 1520 1099 1622 verbo,
1137 1550 1208 1609 aut

146 1657 272 1746 opere
296 1634 515 1733 haberem,
545 1631 645 1719 mihi
666 1656 852 1745 unquam
870 1632 936 1718 vel
954 1661 1059 1743 puer
1075 1634 1206 1722 indul·

145 1772 246 1863 gere
264 1757 393 1856 potui.
417 1809 420 1814 -
453 1745 542 1832 lmo
561 1749 743 1849 memini,
762 1772 831 1835 me
847 1770 1040 1859 puerum·
1053 1746 1207 1862 septen·

145 1887 244 1948 nem
353 1858 541 1946 Adeo-in
561 1889 628 1946 me
653 1858 835 1947 benefica
856 1885 998 1948 natura
1020 1858 1122 1962 fuir,
1161 1892 1208 1950 ut

145 2000 230 2062 ram
259 1974 395 2066 mollia
425 1975 538 2062 daret
566 1973 791 2088 praecordir
931 2002 1012 2088 pro
1042 1977 1207 2092 Judaeo,

146 2115 276 2204 quern
301 2087 541 2201 suspendisse
566 2088 604 2173 se
630 2089 781 2201 laqueo
803 2090 1032 2199 audieram,
1061 2091 1113 2177 od
1131 2094 1209 2177 De·

141 2228 218 2290 um
234 2200 373 2305 orasse,
400 2227 446 2289 ut
462 2207 688 2316 propitium
708 2203 880 2290 haberet
896 2209 1043 2305 animo,
1069 2210 1209 2291 exsta·
1235 2260 1240 2269 -

142 2322 260 2404 tione
279 2314 344 2403 sua
363 2316 586 2431 transfuga,
615 2315 814 2424 judicem,
843 2319 960 2428 cujus
978 2319 1098 2405 solius
1114 2318 1211 2405 esser

105 2468 109 2473 ·
146 2432 199 2519 de
216 2431 283 2519 illa
298 2433 493 2538 judicare.
544 2429 623 2517 Sed
641 2431 747 2517 clam
763 2437 882 2518 etiam
900 2460 967 2516 me
983 2430 1211 2519 orasseme·
1254 2435 1256 2438 ’

145 2550 261 2652 mini,
290 2546 557 2650 perosorum,
581 2548 652 2659 qui
676 2571 820 2659 preces
847 2549 1077 2634 temerarias
1098 2544 1209 2635 dam·

149 2687 270 2763 nare,
309 2661 353 2749 uz
383 2684 615 2772 precantem
641 2661 746 2745 male
770 2657 970 2746 mulsiare
995 2685 1211 2775 poteronr3

148 2779 308 2891 quippe
334 2799 449 2861 orare
480 2801 548 2863 me
575 2772 670 2859 scivi
700 2776 880 2886 ingratiis
907 2775 1089 2864 duorum
1117 2802 1211 2892 quae

150 2915 252 2976 tunc
267 2889 470 3001 vulgaria,
498 2887 540 2974 u
560 2913 667 2999 pene
686 2912 799 2972 extra
817 2885 995 2975 dubium
1011 2914 1127 2976 eraut
1141 2918 1211 3003 po·

149 3003 233 3107 srta,
257 2997 521 3116 dogmatum,
550 2998 721 3118 religiosi
750 3004 894 3088 unius:
942 3001 1101 3093 Periisse
1131 3009 1213 3088 mi·
1289 3104 1292 3113 .

150 3140 262 3206 mam
287 3116 458 3229 Judaei,'
482 3114 525 3202 &
541 3143 593 3202 ex
615 3115 814 3230 religione
835 3114 1056 3228 perfidam,
1083 3117 1126 3204 ἃ
1142 3115 1215 3202 sui·

148 3229 393 3340 cidiiream3
423 3230 574 3343 politici
599 3231 786 3318 alterius:
828 3230 977 3318 Carere
1009 3227 1215 3344 sepultura
1263 3331 1269 3343 x

151 3344 322 3431 honesta
359 3345 511 3431 debere
542 3344 716 3432 cadaver
741 3342 920 3439 suicidae,
962 3369 1014 3431 ut·
1034 3347 1214 3431 animam

147 3457 428 3551 beatitudine„
479 3459 669 3545 Parentes
694 3483 850 3560 romeu,
885 3481 994 3571 quos
1018 3483 1236 3556 novem-m

148 3568 231 3661 else
258 3571 363 3685 ipsos
390 3575 509 3658 etiam
535 3571 729 3658 mirisfimi
754 3573 928 3689 ingenii,
968 3597 1043 3660 nec
1059 3576 1101 3659 in
1117 3598 1217 3687 pue·

149 3711 249 3777 rum
278 3682 576 3775 misericordem
603 3685 950 3798 stomachaturos;
998 3685 1218 3803 qualecun-

150 3826 239 3920 que
255 3799 338 3891 hoc
354 3798 510 3924 puerile
525 3794 686 3891 focinus
705 3824 791 3888 nou
808 3797 946 3891 celavi
977 3858 980 3864 ·
1039 3844 1041 3849 ·

331 3988 378 4001 ”
695 3968 1213 4125 istri--
