2784 4625
197 345 293 406 xxv!
634 359 836 378 -·····-·····

106 556 109 560 ,
197 484 658 591 ἀίιιιιιιιιιιὰιιιιίιιάο,
695 489 946 580 &omnium
969 513 1138 591 eorum,
1176 494 1266 607 qui·

196 602 376 691 buscum
398 602 588 698 verseris,
627 601 842 692 consensus
869 603 1020 692 firmet.
1085 608 1175 692 Tot
1201 604 1269 698 fu·

181 742 276 805 tres.
299 715 532 830 prescindi,
563 741 626 804 tot
654 718 882 806 retinacula·
897 719 1115 832 abrumpi,
1144 713 1264 808 tan'tae

196 832 419 946 compedes
441 835 578 923 excuti
602 832 760 921 nonnisi
786 832 944 924 summa
970 862 1070 921 cum
1094 831 1265 921 difficul-

193 968 277 1034 tate
300 943 477 1059 possunt
534 946 691 1063 Neque
715 947 896 1060 semper,
937 952 1011 1060 qui
1029 946 1182 1035 diversa
1202 974 1269 1034 tu·

195 1085 342 1165 entur,
379 1089 424 1148 ea
449 1059 515 1149 vel
545 1061 882 1163 mansuetudine,
918 1061 985 1148 uei
1008 1063 1261 1167 dexteritate,

195 1174 263 1264 fua
292 1199 557 1290 proponunt,
577 1198 635 1265 ut
664 1205 750 1266 non
772 1174 986 1265 interdum
1010 1171 1143 1294 magis
1170 1177 1263 1266 aira·¹

181 1288 404 1378 'iieuentu'r
422 1294 567 1392 animi,
597 1317 724 1404 quam
740 1291 1014 1402 allicuerat„
1076 1375 1078 1382 .

206 1472 213 1485 .
312 1404 556 1519 “Equidem
581 1407 823 1494 Manichaeis
850 1431 987 1519 neque
1016 1431 1094 1493 vos
1110 1403 1265 1493 adfimi·

193 1517 258 1623 lo,
286 1543 424 1632 neque
449 1545 525 1608 nus
554 1520 717 1608 avobis
738 1520 946 1615 adiimilati
973 1519 1103 1635 spero,
1126 1520 1283 1606 [Utriv

193 1659 332 1747 usque
357 1655 494 1722 tamen
520 1634 706 1725 nostrum
731 1640 945 1721 veritatem
969 1634 1264 1723 sententiarum

192 1754 425 1838 nostrarum
439 1752 545 1836 inter
560 1776 636 1837 nos
655 1749 957 1863 disceptaturis,
994 1777 1149 1865 magno
1169 1747 1262 1835 usui

191 1857 288 1964 fore
308 1862 472 1964 censeo,
504 1861 591 1951 irin
609 1889 795 1952 mentem
811 1864 935 1950 vobis
950 1870 1135 1967 veniant,
1166 1871 1264 1976 quae

191 1976 246 2075 de
261 1976 337 2064 illis
358 1979 401 2066 S.-
417 1980 680 2091 Augustinus
695 2001 828 2068 contr.
847 1979 974 2090 Epist.
998 1975 1116 2065 fund.
1135 2007 1171 2076 c,
1194 2004 1259 2062 ιι.-

193 2089 372 2204 scripsit,
396 2095 441 2182 dr
465 2097 506 2177 in
526 2093 809 2205 disquidtione
830 2096 1029 2178 mutuiter
1054 2092 1262 2178 observari

193 2211 321 2320 cupit.
378 2206 745 2295 Permittatursane
761 2212 935 2320 cuique,
963 2233 1010 2292 ut
1028 2206 1079 2292 de
1105 2206 1260 2292 sentens

192 2324 248 2409 tia
265 2320 334 2410 sui
347 2321 461 2436 apud
479 2327 664 2412 animum
691 2318 810 2412 suum
832 2321 902 2408 fibi
920 2324 1159 2420 certiffimus
1179 2316 1263 2407 effe

190 2435 401 2524 videatur:
431 2462 638 2539 ceterum,
660 2440 735 2526 ubi
753 2437 803 2525 ad
821 2437 1147 2549 disceptationem
1162 2461 1261 2519 vene
1293 2506 1299 2519 .

163 2650 165 2655 ,
192 2574 285 2639 tum
307 2547 446 2654 fuerit,
474 2551 516 2638 id
540 2551 677 2638 saltem
704 2550 827 2666 praese
851 2578 938 2637 non
960 2547 1087 2649 ferar,
1122 2546 1190 2634 sed
1215 2554 1259 2635 in

183 2664 281 2768 fua,
323 2686 518 2779 tanquam
550 2693 634 2752 uon
658 2671 829 2753 omniuo
860 2688 988 2767 certa,
1036 2662 1260 2776 inquibus

157 2864 160 2872 .
190 2779 281 2873 fieri
299 2805 445 2894 queat,
468 2805 515 2867 ut
530 2779 621 2889 jure
637 2781 791 2894 aliquid
811 2779 1072 2880 defideretur,
1100 2779 1257 2891 inquiri

190 2897 380 3009 patiatur.
439 2896 497 2983 Ita
519 2900 650 2999 enim,
712 2925 774 2983 uae
790 2895 856 2981 vel
873 2912 1012 2979 contm
1034 2891 1157 2995 suam,
1187 2889 1258 2977 vel
1297 2974 1301 2981 .

190 2921 888 3123 proelien-rsententiaadderentut,
918 3013 1055 3093 animo
1073 3034 1159 3120 quo
1184 3009 1257 3092 mi-¹

189 3148 272 3212 nus
288 3148 521 3227 commoto,
547 3119 598 3214 eo
615 3130 745 3239 magis
761 3123 927 3211 adrento
945 3122 1141 3221 admittet,
1161 3119 1256 3223 five,
1296 3164 1301 3201 s

189 3262 239 3339 ut
254 3239 512 3352 Augustinus
530 3236 737 3350 loquitur,
773 3241 923 3324 vetitas
952 3238 996 3326 dr
1021 3234 1255 3351 diligenter,

189 3351 235 3441 δι
255 3352 515 3439 concorditer
531 3357 660 3466 queri
677 3357 877 3466 poterit„
924 3358 926 3363 '
1108 3427 1116 3441 ,

307 3467 586 3555 “Verborum
603 3490 741 3555 autem
762 3471 884 3555 nimis
899 3464 1099 3581 prodigus
1116 3459 1256 3579 fuerit,
1299 3500 1301 3507 ·

190 3583 263 3694 qui
287 3579 501 3675 ostendere
525 3596 722 3681 conetur,
762 3608 889 3696 quam
921 3592 1022 3682 nos,
1059 3579 1256 3666 iiveveri
1297 3596 1301 3637 ³

188 3694 427 3799 Christiani,
457 3696 539 3785 five
557 3697 657 3783 boni
681 3700 791 3787 cives
809 3695 948 3783 audire
965 3695 1162 3790 velimus,
1189 3691 1256 3775 de·

189 3835 308 3913 etet,
326 3837 455 3925 quum
480 3815 696 3901 communi
723 3838 896 3930 quoque
926 3811 1064 3922 patrie
1088 3803 1259 3893 neceffa·

155 4042 159 4053 1
186 3931 299 4019 rium
317 3925 378 4033 su,
406 3949 457 4021 ut
480 3924 646 4019 tandem
665 3926 885 4048 aliquando
903 3925 954 4015 de
970 3927 1066 4044 igne
1087 3919 1260 4126 difflua
