2784 4625
119 330 121 335 ·
207 329 322 406 cantu
366 375 368 380 .
637 304 842 374 ἔθ’-Ξ

210 468 377 572 vincula
403 492 489 557 non
519 465 558 556 se
580 467 726 583 digna:
761 470 805 555 &
826 472 871 557 in
891 469 1096 561 licentiam
1128 471 1282 570 eliano

210 614 285 676 aut
313 583 444 700 palam
481 584 706 697 pervertat,
734 585 943 672 antelam
971 590 1120 704 ¹eludat
1148 594 1278 710 legen,

165 745 168 754 ·
245 725 317 787 uas
348 724 433 786 non
458 700 526 784 lua
551 698 622 785 fibi
654 699 850 785 modestia
875 703 1183 819 (inprudentia,
1214 709 1281 795 l'ed

211 730 340 904 giem
370 811 438 898 vel
475 812 712 901 dominandi
752 811 901 920 libido,
954 816 1021 902 vel
1053 820 1284 933 superstitio

207 926 422 1049 imposuit.

331 1158 543 1257 Praeterea,
568 1180 655 1270 quo
672 1157 961 1266 eminentiores
979 1162 1055 1246 viti
1073 1159 1224 1250 litteras
1239 1169 1286 1253 in

214 1270 439 1366 Academia
462 1268 735 1383 profitentur,
782 1271 864 1358 hoe
891 1269 1195 1387 frequentiores
1227 1281 1280 1364 ad

213 1391 324 1478 illam
351 1412 436 1491 non
462 1388 644 1471 exomni
663 1383 883 1488 Germania
905 1410 1084 1493 tantum,
1116 1390 1181 1476 sed
1199 1394 1282 1481 Eu·

213 1529 318 1615 ropa
346 1503 481 1602 etiam,
504 1497 677 1607 juvenes
704 1501 1005 1605 convolabunt,
1045 1502 1119 1590 sub
1140 1505 1284 1592 illustri

213 1617 446 1730 magisterio
464 1614 584 1712 bonis
603 1612 740 1698 studiis
759 1619 950 1702 vacaturi.
1008 1616 1100 1704 Nec
1119 1646 1281 1706 tantum

212 1732 427 1822 bonorum
454 1725 680 1813 studiorum
707 1731 883 1822 tirones,
930 1754 1057 1840 puto,
1103 1731 1167 1819 sed
1195 1735 1279 1844 jam

101 1949 105 1958 Ι
140 1935 144 1948 ¹
201 1839 628 1959 ·peneconsummatae
658 1838 830 1926 scientia
852 1847 961 1929 viros
977 1841 1218 1958 frequentes
1238 1848 1283 1933 il·

212 1962 292 2047 luc¹
308 1980 529 2049 venturos,
559 1956 723 2065 partim,
754 1980 802 2042 ut
833 1982 885 2042 ex
907 1956 1218 2070 locupletiffima·
1236 1963 1278 2047 li-

208 2075 345 2179 braria
367 2095 480 2188 penu
500 2068 566 2155 hic
582 2068 780 2172 hauriant,
805 2069 919 2182 quod
937 2071 1049 2158 domi
1067 2101 1151 2161 non
1168 2080 1278 2163 inve·

213 2198 357 2297 munt3
398 2185 559 2296 partim,
587 2207 636 2271 ut
656 2183 1103 2300 pulcherrimosquod
1120 2216 1202 2276 una
1224 2218 1277 2278 ex

214 2296 572 2389 diverfilltmatum
614 2322 815 2385 terrarum
853 2298 1015 2389 civibus
1054 2304 1276 2417 composita

213 2415 451 2526 respublica
468 2410 613 2515 offert,
641 2412 788 2499 nullibi
809 2411 902 2500 alias
919 2436 1000 2499 tam
1016 2413 1132 2503 facile
1150 2418 1278 2506 obvio

210 2532 234 2616 s
256 2529 439 2614 eelaculo
464 2524 679 2637 fruantur3
722 2550 955 2641 acuuntque
979 2530 1086 2615 illius
1109 2535 1277 2634 intuitu,

213 2558 371 2731 goson
393 2641 676 2742 humanitatis,
713 2642 756 2728 aa
781 2639 1150 2753 Cosmopolitismi,
1189 2675 1277 2760 quo

210 2759 378 2869 animari
402 2756 444 2842 8c
459 2757 524 2866 agi
541 2753 608 2840 vel
625 2759 805 2840 maxime
822 2755 1033 2843 hominem
1051 2755 1192 2846 litteris
1211 2762 1276 2847 dc·

209 2870 343 2959 ditum
366 2892 553 2980 oportet3
583 2895 658 2954 nec
675 2873 842 2971 certius,
868 2895 939 2957 aut
954 2867 1130 2977 felicius,
1146 2900 1275 2987 quam

209 2985 297 3072 talis
323 2987 512 3070 virorum
536 2980 821 3096 undequaque
843 2987 885 3070 in
909 3011 1034 3070 unam
1053 2990 1273 3093 civitatem,

209 3118 259 3209 ut
283 3123 409 3184 unam
433 3121 578 3182 omnes
598 3093 811 3207 dispartitis
835 3095 974 3184 studiis
992 3126 1079 3184 rem
1098 3098 1275 3190 scientia·

209 3240 307 3301 rum
332 3214 375 3301 &
400 3210 661 3295 humanitatis
679 3234 845 3313 curent,
875 3210 1167 3318 concliorum,
1199 3222 1274 3302 rei·

205 3326 405 3438 publicae,
449 3318 725 3436 frequenti&
752 3323 935 3440 longiori
963 3330 1135 3433 intuitu,
1182 3330 1272 3419 usu·

205 3467 292 3554 que
315 3441 527 3551 contingit.

230 3689 238 3705 ·
322 3668 418 3754 Hoc
443 3668 566 3752 etiam
597 3645 888 3783 Goettingenfis
918 3665 1139 3757 Academia
1166 3694 1268 3783 ptat-

203 3780 344 3916 multis
364 3783 723 3916 aliis-praecipuum
738 3784 886 3911 habet,
916 3783 1032 3898 quod
1045 3783 1268 3918 molidene

1151 3923 1206 3988 tta
