2784 4625
157 325 266 414 'xum
608 307 810 362 m

279 471 444 560 Totum
467 472 625 585 optime
646 470 833 562 Boenike!
870 472 1169 584 Helmstadium
1196 479 1239 570 δι

167 584 378 788 ςηίᾱῗιιίὀ
396 582 453 670 ,ad
469 583 757 698 Academiam,
789 587 996 786 quidquid
1020 591 1069 676 ad
1097 599 1238 682 vieini·

162 700 714 814 amvi'udignumpertinet,
726 727 798 814 per
815 703 1072 794 uslravimus.
1097 707 1239 810 Quidsi

170 815 359 907 nonnihil
375 817 591 925 temporis,
610 809 746 916 donec
764 814 861 902 hine
878 820 1124 934 migremus,
1149 851 1238 910 cau·

170 931 220 1018 sae
241 930 454 1019 Calixtinae
483 927 653 1032 demus,
684 957 846 1044 magnae
871 929 979 1040 sane,
1001 931 1162 1038 illustri,
1182 939 1237 1038 ¹dr

169 1045 432 1138 Donatisticae
452 1037 563 1150 haud
582 1067 729 1152 patum
745 1041 871 1132 affini.
900 1041 996 1134 Hoc
1013 1053 1122 1136 enim
1136 1075 1240 1162 pras
1274 1119 1276 1124 .

170 1164 293 1272 cipue
316 1159 410 1256 loco
435 1154 522 1247 asia
548 1158 625 1241 est:
671 1156 738 1243 hie
764 1158 901 1245 herois
927 1164 977 1260 ¹in
1008 1158 1089 1268 hoe
1112 1157 1261 1248 ¹'causa'

169 1277 297 1389 primi
315 1275 359 1362 dr
375 1270 537 1370 acribus
554 1274 668 1358 vexis
686 1275 891 1386 exagitati,
907 1276 1065 1370 eineres
1080 1277 1123 1362 in
1140 1281 1241 1390 pace

170 1387 401 1505 quieseunt.
724 1393 726 1397 ’
809 1479 817 1487 ,

256 1500 361 1589 Vis?
377 1498 512 1587 media
535 1523 629 1604 utut
644 1499 796 1616 hyeme
813 1521 909 1591 cum
925 1502 1014 1589 ltaec
1034 1502 1166 1618 scribo
1186 1526 1242 1590 te·

170 1643 368 1712 neamur,
399 1615 519 1701 nobis
542 1619 842 1730 imaginemur,
878 1617 1053 1712 astarem
1081 1644 1156 1704 nos
1184 1622 1242 1704 vi·

168 1759 278 1833 vere,
297 1733 493 1844 diemque
512 1733 556 1815 in
572 1729 731 1828 Musaeo
749 1728 871 1845 egisse
888 1731 1023 1818 calore
1042 1754 1081 1817 et
1096 1731 1240 1826 labore

158 1842 304 1947 -feslos,
321 1845 491 1956 jamque
505 1845 747 1955 vespertinis
766 1845 892 1948 horis,
919 1843 1035 1959 quod
1051 1844 1164 1932 domi
1181 1849 1238 1934 lo·

168 1961 318 2062 lemus,
330 1958 622 2046 subTiliarum
640 1961 804 2062 umbra,
819 1986 926 2071 quae,
942 1983 990 2046 ut
1006 1958 1098 2046 sunt
1114 1988 1239 2048 anno·

168 2075 239 2174 sae,
284 2075 444 2161 bonum
462 2072 715 2188 quaudoque
739 2098 980 2176 recrearunt
1005 2072 1239 2180 Casinum,

168 2213 309 2277 totum
332 2196 490 2274 circum
509 2185 812 2274 Helmstadium
833 2187 1117 2290 obambulare.
1165 2189 1238 2275 Fa·

158 2309 247 2409 ,ciet
265 2307 477 2391 amoenitas
493 2300 740 2408 ambulacri,
769 2302 813 2390 dr
837 2306 1052 2418 cogitatio,
1084 2325 1124 2391 to
1155 2302 1237 2419 ipsa
1276 2406 1279 2421 ί

165 2421 333 2529 Hamis,
359 2446 445 2533 quo
470 2414 521 2505 de
554 2416 627 2511 tibi
652 2440 891 2519 narraturus
916 2416 1031 2521 sum,
1068 2418 1235 2531 vestigia
1277 2436 1278 2443 ‘

156 2542 380 2646 premere,
409 2556 457 2620 ut
478 2533 615 2617 minus
643 2527 788 2619 fastidii
815 2530 888 2617 tibi
912 2531 1067 2636 causet,
1104 2558 1236 2619 narra·
1276 2590 1279 2603 »

155 2653 227 2736 -u'o
250 2654 309 2735 rei
327 2647 410 2755 jam
429 2669 549 2747 notae,
566 2640 700 2731 forsan
726 2644 850 2759 paulo
866 2644 1065 2759 prolixior
1079 2642 1235 2733 futura.

287 2760 452 2851 Calixto
471 2786 524 2845 ex
543 2772 630 2875 quo
647 2759 761 2869 mihi,
791 2762 858 2845 vir
879 2760 949 2846 isle
965 2762 1236 2871 innotuitsffinn·
1276 2824 1279 2895 l

166 2898 230 2963 ter
249 2877 500 2991 Augustanae
518 2866 778 2961 confessionis
797 2872 1039 2988 theologos,
1073 2877 1146 2986 qui
1159 2874 1226 2979 sit·
1271 2912 1279 2989 r

197 2996 321 3085 eriori
346 2988 480 3076 seculo
507 2984 815 3090 inclaruerunt,
854 2986 1035 3090 summo,
1067 2987 1123 3091 dr,
1146 2984 1210 3099 ips
1277 3082 1278 3089 Ν

163 3018 356 3193 dossueto
380 3105 490 3205 teste,
514 3106 707 3203 omnium
733 3099 906 3189 ecclefiae
929 3100 1135 3207 catholicae
1166 3098 1232 3185 ad·

164 3220 440 3305 versariorum
461 3213 711 3312 dostiliimm
748 3218 952 3303 honorem
976 3218 1229 3321 &amorem

164 3332 291 3423 detuli
319 3350 404 3419 nun
429 3329 669 3443 vulgarem,
699 3330 742 3417 dr
767 3355 907 3445 rerum
930 3327 1114 3443 adipsum
1132 3353 1228 3441 per·

162 3450 378 3537 tinentium
411 3446 658 3533 avidissimus
691 3444 808 3531 evafi.
875 3444 1025 3545 Preter
1049 3442 1226 3551 Walehii

160 3583 299 3648 tamen
331 3562 382 3648 de
404 3557 692 3647 controversiis
717 3561 760 3647 in
786 3557 1025 3663 Lutherana
1052 3557 1225 3667 Ecclesia

157 3678 284 3762 motis
306 3676 540 3777 relationes,
570 3697 701 3782 pauca
722 3676 799 3763 viri
819 3673 962 3790 scripta
978 3674 1063 3761 sors
1083 3673 1127 3767 in
1141 3695 1222 3773 me:
1276 3742 1279 3765 ,

157 3815 202 3879 as
224 3792 372 3882 manus
397 3789 610 3889 detulerat.

702 4010 742 4094 ‘-
1060 3958 1211 4120 Pon!
