2784 4625
427 281 472 364 ru
498 295 739 392 donrrxruu
764 269 953 370 Oernrn
1010 260 1018 298 ⁸
1161 322 1207 397 ις

220 456 280 517 esse
294 451 532 523 rebaptizandos.
557 453 648 534 Quod
662 466 760 516 autem
773 457 803 515 in
819 455 1006 527 baptizandis
1021 462 1071 522 vel
1083 477 1144 538 non
1159 483 1209 527 re·

219 537 407 611 baptizandis
425 536 575 599 hereticis
595 536 751 599 discrimen
765 538 952 599 observatum
968 541 1020 610 fit,
1047 546 1204 609 consulen-

222 623 279 685 doa
292 620 348 681 eise
364 622 505 695 antiquoa
520 620 661 683 Canoner
680 620 912 699 &Augustinum
929 624 967 683 de
982 627 1126 701 baptismo
1140 646 1205 701 moa¹

224 720 276 769 tier
295 703 344 764 M.
356 699 476 781 Cnsraub.
572 733 579 745 ·

142 785 221 865 isid.
245 786 369 863 sanitas
383 770 613 886 non'flagitat
630 784 842 860 medicinam
859 786 929 863 dre.
1079 822 1086 827 ·
1104 841 1106 846 -

181 891 216 952 ld
232 889 291 959 est,
310 892 341 951 in
353 885 457 945 Africa
470 889 582 948 nullum
597 888 638 946 cil
653 888 768 946 illarum
783 886 931 948 sedarum
944 889 1116 970 vestigium,
1131 911 1203 972 qua·

213 990 254 1035 re
270 988 346 1046 ergo
362 984 466 1029 contra
483 971 550 1031 illas
566 969 756 1030 declamasti?
776 974 821 1030 lta
837 970 951 1051 Albafp.
991 972 1106 1050 Contra
1126 994 1202 1040 vero

219 1055 259 1116 da
273 1054 337 1117 Pin.
359 1053 453 1112 Hisce
467 1054 742 1125 comparationibus
759 1052 821 1113 hoc
836 1054 953 1116 efficere
968 1063 1125 1121 contendit
1141 1064 1202 1135 Op-

222 1152 322 1212 tatur,
340 1136 561 1198 Parmenirnum
577 1135 670 1195 causae
682 1137 741 1199 suae
753 1136 905 1210 diffidere,
932 1141 983 1217 qui
1008 1159 1024 1203 a
1045 1146 1202 1217 proposito

221 1222 275 1282 suo
294 1234 448 1292 excurrat,
470 1218 500 1280 dt
523 1219 682 1282 hereticae
701 1221 907 1297 aggrediatur,
931 1233 1000 1283 cum
1022 1225 1076 1299 lpfi
1095 1245 1145 1289 rea
1167 1230 1203 1291 iit

220 1305 373 1367 adversum
386 1302 576 1368 catholicos.

142 1383 219 1458 ibid.
246 1387 383 1464 inertis.

181 1493 216 1549 ln
233 1489 318 1551 MSS.
333 1486 408 1547 sm
426 1483 455 1547 dr
470 1483 502 1549 P.
512 1483 541 1551 S.
562 1481 707 1546 inertibus
724 1483 950 1550 Amauuenfium
963 1491 1090 1555 incuria.

140 1572 217 1648 ibid.
244 1570 347 1643 dotes
363 1566 544 1642 Ecclesrae.

178 1674 213 1734 ld
230 1672 289 1742 eil,
309 1674 524 1745 proprietates,
545 1667 639 1729 veluti
653 1669 842 1744 potestatem,
855 1668 1036 1747 cathedram,¹
1049 1678 1202 1750 annulum,
1225 1671 1227 1676 ’

220 1756 353 1825 fontem,
375 1754 405 1813 dt
421 1749 542 1820 finilia,
563 1767 629 1826 quae
643 1755 688 1813 illi
706 1771 722 1815 a
738 1752 858 1815 Christo
874 1771 1012 1833 tanquam
1027 1760 1140 1822 dotalia
1156 1758 1200 1822 as·

221 1836 330 1913 signata
343 1835 422 1897 sunt.
444 1833 488 1896 Ita
506 1833 619 1915 Asbasp.

140 1921 218 1996 isid.
243 1921 349 1993 nullis
367 1918 539 2018 legalibus
557 1917 804 1993 Sacramentis.

180 2020 251 2081 Hoc
266 2026 336 2083 loco
352 2022 478 2104 optatur
494 2020 552 2089 ait,
579 2018 738 2108 hereticos
757 2035 818 2078 non
833 2017 991 2096 pollelure
1008 2022 1039 2086 dt
1054 2024 1086 2083 vi
1101 2025 1203 2086 matri.

220 2109 313 2176 monii
336 2107 379 2186 uti
404 2102 617 2170 Sacrimentia,
637 2101 884 2177 quemadmodum
901 2107 1063 2165 orthodoxi
1078 2113 1202 2171 uteban-

216 2189 413 2262 brutumque
430 2203 489 2246 non
508 2183 596 2244 essent
612 2188 795 2247 matrimonii
814 2187 956 2261 dignitate
969 2189 1119 2259 coniunsii
1135 2207 1203 2256 cum

223 2268 363 2337 Chrisio,
384 2268 470 2343 cuiue
485 2266 616 2330 Ecclesia
630 2266 732 2344 sponsa
747 2270 798 2330 est.
825 2271 925 2350 Quare
942 2271 980 2331 de
996 2288 1031 2333 ea
1045 2275 1136 2332 muita
1149 2292 1202 2348 per

219 2357 286 2433 jura
304 2352 432 2428 &leger
452 2354 632 2414 matrimonii
649 2357 685 2414 ab
703 2353 834 2428 antiquie
852 2353 1056 2428 explicantur,
1084 2371 1118 2419 ut
1137 2374 1203 2419 mo·

221 2456 273 2500 ner
290 2440 367 2495 idem
387 2434 502 2514 Albasp.

140 2524 215 2599 ibid.
236 2523 314 2596 sine
326 2520 407 2612 jure
424 2515 562 2591 honesti
581 2514 793 2591 matrimonii
812 2510 893 2592 esse.
1102 2611 1106 2617 ,

179 2628 236 2708 Juo
257 2620 458 2688 matrimonii,
488 2620 578 2678 habet
601 2616 735 2696 Albrfri„
765 2632 825 2692 quo
853 2618 948 2678 utitur
965 2611 1113 2691 Ecclesia,
1143 2621 1203 2696 eii,

221 2707 305 2781 quod
320 2705 419 2765 omnia
435 2703 554 2763 confert
571 2702 756 2762 Sacramenta
773 2704 938 2775 dotesque,
961 2718 1033 2777 quaa
1051 2720 1066 2761 a
1082 2705 1201 2765 Christo

224 2790 358 2860 accepit;
380 2785 557 2846 auctoritate
581 2785 705 2861 legitimi
728 2787 907 2845 matrimonii
931 2785 1078 2846 distribuit
1102 2789 1204 2859 &irn-

223 2875 369 2945 perticat,
391 2871 499 2944 quibua
515 2868 593 2927 vult.
633 2869 703 2946 Quo
726 2865 794 2941 jure
815 2869 860 2924 uti
883 2865 1018 2928 haeretici
1042 2884 1204 2946 nequeunt,

222 2956 294 3030 quia
313 2954 398 3013 hince
421 2954 544 3013 dotibus
556 2961 698 3012 carent,
731 2951 769 3012 Et
793 2952 929 3025 quamvis
948 2967 1007 3023 per
1031 2953 1217 3024 baptismum

224 3035 375 3110 conlundi
394 3035 482 3105 sunt,
507 3049 603 3097 armen
619 3049 672 3105 per
687 3031 809 3094 beredo
824 3031 1048 3112 subsequentem
1065 3035 1115 3113 jur
1132 3032 1207 3116 legi·

222 3124 288 3181 timi
302 3120 480 3180 matrimonii
497 3117 662 3178 amiserunt.

142 3205 220 3280 ibid.
255 3203 354 3298 Quas
371 3195 681 3276 nonneceil'atias.
950 3275 953 3280 ,

187 3308 222 3369 ld
236 3305 294 3368 est,
313 3319 348 3361 ut
360 3303 428 3361 vult
446 3297 635 3379 M.Cafaab.,'
658 3313 811 3360 extraneae
828 3295 858 3360 dt
875 3298 1013 3374 ignotas,
1034 3305 1205 3374 perearinaa

223 3385 340 3446 recusat
352 3383 498 3447 Christus.
542 3385 610 3444 Una
625 3398 739 3444 tantum
754 3381 944 3460 Ecclesralest
963 3384 1119 3460 conjrmda
1137 3403 1205 3447 cum

223 3469 311 3536 Deo,
333 3467 433 3542 estque
452 3467 515 3542 eiua
538 3466 659 3540 sponsa,
689 3480 804 3526 caeterae
824 3481 903 3526 vero
923 3467 1062 3527 adulterae
1085 3468 1150 3529 sunt
1172 3469 1205 3532 dt

223 3568 286 3614 non
300 3549 474 3613 neceil'ariae.
512 3549 560 3608 Sic
575 3551 702 3624 optatur
717 3547 782 3608 Lib.
798 3565 826 3620 3.
839 3548 944 3609 babet:
969 3547 1031 3610 liin
1047 3554 1205 3634 imputate,
1244 3552 1250 3583 ¹

225 3636 279 3716 qui
290 3630 421 3710 populum
435 3629 493 3690 Dei
510 3631 691 3712 diuiserunt,
714 3631 748 3698 ss
768 3627 905 3713 Bafisicar
919 3630 1059 3708 feceram
1077 3656 1133 3696 rroa
1156 3655 1204 3696 na·

228 3716 379 3798 oeffariar,
399 3715 505 3786 idest,
527 3730 622 3775 novae
641 3715 670 3777 dr
685 3716 854 3791 peregrinae
877 3735 943 3779 curn
960 3720 1097 3792 genuinis
1115 3720 1144 3779 dt
1160 3723 1205 3781 le·

223 3801 336 3877 gitimir
353 3799 426 3861 nihil
441 3796 768 3867 communehabentea,
792 3801 842 3877 qui
857 3815 1013 3863 erexerunt
1029 3805 1120 3864 altare
1133 3820 1209 3862 con·

223 3898 270 3945 tra
287 3885 378 3945 altare
396 3881 456 3946 duc.
476 3881 587 3943 Verior
600 3894 696 3941 tamen
712 3880 742 3942 dr
756 3887 878 3953 proprie
895 3887 934 3943 de
951 3888 1069 3958 templia
1083 3887 1206 3946 videtur

222 3964 370 4044 usurpasse
385 3968 535 4043 optatur,
557 3979 625 4026 cum
645 3963 754 4027 eodem
773 3963 843 4027 Lib.
859 3983 888 4045 3.
908 3969 1020 4033 alludat
1038 3969 1207 4113 'filma
