2784 4625
519 337 856 418 nonormmme·
881 413 884 418 .
918 369 952 382 ··

231 501 336 574 deice,
355 519 412 562 are
426 498 672 579 communicastis?
708 504 758 563 ‘Et
773 503 840 563 iane
856 505 877 565 1.
893 520 925 577 4.
940 504 979 566 de
996 501 1120 564 lieret.
1140 503 1219 569 idere

233 590 394 653 Gratianus
410 587 458 661 (a.
476 597 536 660 37ss
552 580 705 663 existimo)
726 602 820 647 cretur
835 585 993 648 hereticot
1007 586 1219 651 diuimolatio·

110 694 117 707 ·
232 667 426 753 melodicum
441 671 544 745 agitari
561 666 855 744 permiliortestatur.
896 669 934 728 lit
956 685 1034 730 eero
1058 684 1095 728 ee
1117 672 1215 732 lex-

233 758 358 818 addatur
379 754 411 811 dt
433 752 482 813 lex
501 767 531 830 5.
551 751 631 813 cod.
649 778 685 793 -
703 751 775 820 huic
797 751 944 812 irmendee
965 753 1026 813 lata
1051 752 1219 815 videtur&

232 852 364 913 utroque
381 839 512 898 enterlor
526 840 624 912 aliqua
646 836 694 894 lex
709 836 859 910 antiquior
876 835 1018 900 adversor
1037 830 1142 897 c‘tetrea
1159 835 1219 895 lle·

234 938 293 985 ret.
310 920 509 981 confirmatur.
548 919 689 980 Secundo
703 917 860 985 Ecclefiee,
881 934 952 996 quar
972 918 1077 981 adhoc
1094 915 1220 982 noenul'

234 1006 281 1068 lea
302 1004 470 1065 retinebant
494 1000 675 1073 Donatiste,
708 999 849 1062 uctredo
872 1000 1043 1063 Catholicae
1065 1001 1220 1063 restituere

234 1088 389 1168 jubentur.
427 1086 537 1154 Tertio
560 1088 647 1155 loca,
678 1084 708 1143 in
741 1086 850 1159 quibue
873 1084 1024 1156 coierint,
1062 1080 1220 1146 confiscari

233 1171 388 1251 jubentur.
425 1168 488 1228 Ubi
505 1168 685 1237 notandum,
706 1170 742 1226 ad
757 1168 787 1226 ld
802 1165 939 1242 delegiiie
954 1182 1010 1228 eoo
1021 1184 1158 1246 magnae
1173 1171 1219 1231 do·

236 1270 323 1320 moe.
342 1252 403 1312 ssve
417 1249 540 1316 iunior.
578 1249 624 1308 De
641 1251 697 1309 hac
715 1245 936 1310 Coniicatlone
949 1251 1180 1326 Augustinuel
1198 1270 1218 1313 r.

125 1377 132 1390 ι
237 1351 343 1401 contra
366 1336 428 1395 litt.
448 1333 536 1397 Petil.
592 1335 723 1393 Tandem
746 1331 797 1393 srbi
822 1335 950 1407 quicque
971 1335 1120 1395 nocitura
1145 1337 1219 1411 qood

239 1419 345 1486 lentie,
385 1416 493 1478 sentire
514 1429 670 1490 monetur,
699 1414 811 1491 filiique
836 1416 907 1476 solie
928 1418 1034 1475 favere
1055 1421 1150 1480 niret
1169 1423 1220 1495 (ite

155 1574 158 1583 ¹
239 1506 313 1566 loco
334 1501 412 1560 oiros
434 1499 616 1577 legendum)
643 1501 740 1569 impiae
764 1498 936 1570 disciplinae.
976 1499 1074 1579 Quod
1091 1506 1218 1572 {omnino

186 1629 193 1640 ,
238 1587 380 1662 congruit
398 1583 549 1646 sententio
561 1581 644 1642 somni
661 1581 690 1640 dr
709 1582 809 1641 verbio
826 1577 847 1641 l.
860 1594 889 1653 ς.
906 1582 945 1640 de
960 1580 1077 1646 tieret.
1095 1600 1169 1661 ¹que
1185 1588 1219 1646 bi·

239 1669 331 1733 ennio
355 1667 448 1727 ferme
471 1665 536 1741 post
556 1666 633 1725 hanc
657 1667 749 1739 legem
772 1667 838 1725 data
860 1662 911 1723 cst.
952 1664 990 1724 Et
1011 1666 1083 1727 herc
1106 1664 1216 1743 quiden

240 1754 339 1816 emnia
357 1750 525 1814 Donatistat
537 1746 709 1821 respiciunt.
748 1749 856 1822 Neque
876 1747 952 1805 enim
973 1752 1154 1813 audiendae
1172 1754 1215 1814 Ba·

222 1835 366 1918 ‚tonitru
386 1833 438 1907 qui
461 1831 654 1904 posteriorem
673 1829 761 1905 linium
782 1830 856 1906 legio
874 1843 984 1902 partem
1002 1834 1042 1891 ed
1061 1831 1216 1897 Maricio·

241 1936 279 1982 oe
301 1915 430 1989 spectare
452 1914 604 1977 existimat.
645 1915 721 1972 Nam
742 1925 807 1974 tote
826 1912 901 1987 legia
925 1913 1015 1973 series
1040 1922 1213 1979 concretior

241 2000 384 2063 ostendit.
424 1997 559 2073 Denique
576 1996 637 2055 duo
653 1996 869 2078 Donatistarum
882 2013 989 2073 genera
1009 1997 1063 2060 iic
1080 1997 1213 2063 constitu

243 2096 351 2146 untur:
372 2097 463 2142 unum
478 2095 593 2146 eorum,
615 2082 666 2153 qui
680 2077 828 2140 Ecclesiae
841 2077 938 2141 adhuc
955 2082 1107 2156 quaedam
1123 2103 1213 2147 conur

159 2199 162 2204 ·
241 2166 329 2226 iidem
351 2164 535 2223 retinebant:
564 2163 687 2222 alterum
710 2173 831 2232 corum,
857 2166 907 2235 qui
930 2163 968 2221 de
982 2163 1137 2227 Ecclesrio
1159 2171 1214 2232 licet

244 2246 376 2321 expulit,
395 2249 517 2309 occulto
539 2261 633 2304 tomen
659 2246 762 2307 furore
783 2241 999 2321 tradebantur,
1020 2248 1096 2308 loca
1114 2263 1214 2332 magno·

243 2351 307 2396 rum
324 2335 499 2404 domorum,
519 2329 580 2389 five
596 2330 756 2389 fundorum
771 2331 880 2390 illicite
895 2330 1145 2408 frequententer,

159 2436 330 2605 Μρυαιςίξ.
340 2413 503 2587 Ῑξῗάοιὶιίῑηῗ
515 2423 783 2573 1:iiiiiirriffc’tiitre
801 2503 863 2584 ipit
882 2504 1022 2573 adversor
1041 2514 1216 2591 Anaoaptie

244 2615 322 2659 muto
339 2598 503 2667 Stephanus
518 2594 551 2652 Ρ.
591 2593 834 2664 Anabaptioorum
849 2610 965 2655 omnem
982 2598 1162 2674 donimane,
1179 2601 1217 2659 ad·

243 2680 345 2742 versuo
361 2678 562 2754 Cypriorum,
581 2671 804 2746 Firmilianum,
826 2677 856 2738 dt
872 2680 983 2737 Atticae
1003 2681 1175 2753 concilia,
1194 2692 1217 2743 oi

243 2763 365 2840 testatur
388 2759 450 2832 ipse
471 2756 637 2836 Cyprianue
655 2760 740 2831 epist.
762 2760 797 2819 ad
819 2757 950 2835 Pompei.
963 2761 1217 2826 Sabracensem&

243 2847 388 2907 Eusebiur
411 2843 449 2902 H.
467 2843 503 2904 li.
525 2847 593 2920 inl.
619 2861 648 2903 c.
667 2861 693 2901 r.
732 2844 912 2920 Augustinus
935 2860 1058 2922 quoque
1089 2849 1114 2910 l.
1134 2863 1166 2924 ς.
1189 2852 1217 2907 dc

243 2921 392 3003 Baptiimo
411 2939 516 2987 contra
540 2926 863 2999 nomenniomen.
903 2925 1085 2989 Vincentlue
1108 2936 1218 2993 tondent

244 3013 341 3076 Lirin.
361 3012 534 3073 commonit.
562 3025 589 3068 c.
603 3023 635 3081 9.
675 3008 713 3067 Et
726 3006 895 3083 Cyprianus
911 3025 1005 3070 tamen
1023 3013 1104 3073 iilud
1121 3019 1154 3075 in
1167 3019 1218 3075 Ste·

243 3095 346 3171 phano
361 3091 615 3165 reprehendebat,
642 3094 724 3166 qood
747 3093 919 3164 scriptoria,
943 3095 1053 3166 quibua
1074 3094 1159 3155 litam
1174 3099 1218 3156 niti

172 3234 174 3239 .
246 3172 630 3242 caeterorummetum,
657 3175 823 3234 obduceret
846 3172 1068 3246 &opponeret
1090 3181 1220 3241 traditio·

245 3279 336 3336 nem,
369 3276 456 3335 atqne
479 3259 557 3318 adeo
580 3255 892 3316 traditionianonrine
913 3273 1032 3330 pravom
1053 3266 1219 3324 venditaret

120 3353 122 3359 '
246 3341 512 3413 consuetudinem,
541 3355 607 3415 quae
631 3355 693 3401 non
714 3339 783 3399 eilet
805 3342 840 3398 ab
860 3337 1034 3411 Anoliolis,
1052 3343 1110 3404 led
1128 3348 1219 3417 polica
1252 3355 1254 3359 ·

154 3465 156 3469 ψ
246 3422 408 3502 irrepsisset.
449 3423 509 3483 Sed
529 3422 682 3482 traditioni
695 3438 781 3495 quam
798 3423 964 3487 sternamur
978 3424 1149 3497 allegabat,
1174 3433 1218 3488 oo

244 3511 343 3572 tecum
360 3507 401 3568 est
415 3509 510 3567 omnir
528 3504 804 3579 posthaclicclesra:
828 3521 891 3564 carn
902 3506 990 3577 iniero
1005 3511 1111 3578 pluteo
1129 3503 1219 3572 ΡΜ

245 3592 458 3664 Apostolorum
485 3604 551 3648 aevo
580 3588 776 3664 derivarunt,
811 3604 1018 3663 rotarumque
1042 3588 1222 3670 apostolice·

239 3668 337 3750 fidem.
368 3673 643 3748 nuguuinuoverm
659 3670 708 3729 etsr
721 3673 912 3742 traditionem
927 3669 958 3733 Gi
975 3671 1219 3741 consuetudinem

246 3772 367 3830 urgeat,
389 3772 483 3816 tamen
508 3769 545 3814 nc
566 3755 718 3811 videretur
745 3753 1013 3815 numantinorum
1037 3747 1220 3831 argumento

243 3855 356 3916 agere,
386 3857 422 3899 ct
451 3836 616 3914 Evangelio
642 3837 819 3896 documenta
840 3834 871 3899 it
891 3837 1056 3899 teilimonit
1083 3846 1218 3914 protulit,

242 3925 354 3987 Contra
366 3920 477 3984 Donat.
494 3922 516 3983 l.
531 3919 555 3981 l.
569 3913 611 3981 ΙΙ.
629 3936 657 3988 c.
678 3930 728 3997 14·
737 3919 793 4017 lv.
810 3937 838 3999 c.
853 3934 882 3996 7.
899 3917 937 3986 V.
952 3935 979 3986 e.
992 3935 1024 3997 φ
1040 3916 1105 3984 ite.

884 4070 1012 4125 ²-
1101 4085 1187 4201 juon
