2784 4625
95 270 99 280 ’
154 319 165 331 ν
217 295 220 300 ’
264 284 268 296 “
343 306 388 365 ιιι
411 286 862 368 Μοιιυιιιιιιιιιτιιι.
1007 280 1009 284 ’
1063 306 1136 390 219

158 470 221 527 tare
237 451 386 530 prohibiti
407 452 524 517 fuerant
541 449 558 528 (
568 452 599 516 du
622 448 663 515 stc
683 452 707 513 1.
723 470 774 531 4ι.
796 447 901 529 supr.)
919 465 956 512 eo
976 463 1040 529 quo
1057 452 1134 525 diri,

160 554 317 611 tempore,
347 541 515 612 abrogatam
542 536 676 599 testatur.
727 533 864 611 conjicit
887 538 975 616 etiam
988 536 1135 598 baronio·

162 619 263 685 causae
281 620 437 695 utriusque
456 622 532 699 legia
552 636 606 692 per
629 620 781 680 Africamt
820 619 937 692 Nempe
954 624 1083 688 ntiorem
1097 621 1138 681 il·

160 708 238 783 lrnr,
260 720 325 783 quo
339 702 390 763 hic
406 708 586 779 abrogatur,
609 704 644 762 rb
663 702 804 761 Honorio
825 701 885 775 ipse
902 717 1000 762 rerum
1014 701 1137 765 necesi-

161 804 222 851 tate
236 798 399 858 extortam,
431 802 468 848 ne
482 788 616 863 alloquin
636 784 797 846 uonatinae
810 799 858 847 tot
877 785 994 862 legibue
1017 788 1138 860 exaspe-

161 874 239 937 rati,
259 872 422 942 apartibus
440 871 532 931 Attali
547 869 682 944 Tyranni
702 870 826 941 starent,
848 872 897 944 qui
919 868 1050 929 Africam
1071 884 1139 932 ten.

160 968 277 1015 taturua
300 954 479 1026 videbatur3
505 967 572 1014 cunr
596 967 693 1010 autern
715 953 877 1021 periculum
901 953 977 1015 illud
997 949 1137 1031 cessasset,

162 1039 267 1099 Attalo
286 1037 432 1096 videlicet
448 1034 648 1106 exauiioratm
668 1039 705 1095 ad
720 1029 775 1097 ΡΡ.
790 1033 998 1097 Africanorum
1012 1037 1138 1108 petitio·

163 1136 229 1182 nem
245 1135 308 1180 earn
324 1118 380 1180 hac
391 1122 455 1195 lege
471 1121 649 1196 abrogatam.
693 1118 881 1199 Quoduaide
894 1118 1049 1192 probabile
1060 1117 1136 1181 facit

163 1216 271 1276 prater
284 1200 374 1274 ipsam
384 1218 547 1269 temporum
563 1207 707 1262 ortionem
721 1200 890 1262 Heracliani
903 1202 1015 1262 comitis
1026 1200 1138 1281 Africae

164 1302 294 1357 nomen,
321 1288 368 1357 cui
386 1287 450 1346 haec
466 1288 514 1346 lex
534 1284 714 1345 inscribitur.
764 1287 879 1357 Nempe
901 1277 1024 1347 bic'ille
1042 1286 1138 1346 Hera-

163 1372 276 1430 clianus
295 1368 355 1435 cil,
390 1368 530 1428 adversus
545 1384 633 1443 quem
649 1367 781 1430 Honoril
798 1386 895 1442 parter
911 1369 1078 1444 scitantem,
1093 1376 1140 1441 it·

164 1469 223 1528 que
245 1450 378 1513 Africam
398 1453 449 1513 sub
474 1454 602 1523 imperio
631 1451 761 1512 lionorii
783 1457 982 1531 retinentem,
1018 1456 1139 1515 Attalur

168 1538 329 1611 Tyrannus
348 1533 573 1597 Constantinum
595 1552 661 1595 cum
681 1536 816 1596 exercitu
840 1538 870 1595 in
899 1538 1030 1597 Africam
1053 1535 1141 1611 supe·

165 1620 255 1679 rioria
271 1615 329 1693 ja'm
343 1621 409 1681 anni
425 1619 482 1679 line
498 1618 584 1688 misit,
604 1618 716 1678 Africae
732 1622 884 1689 potiundae
898 1620 959 1692 spe,
980 1635 1061 1683 tanto
1079 1632 1141 1681 ter-

168 1716 237 1761 tore
251 1700 282 1761 dt
302 1702 410 1762 timore
431 1701 569 1761 Honorio
589 1698 660 1772 Imp
684 1699 807 1777 injetto.
839 1703 949 1779 (quern
967 1702 1028 1781 ipse
1050 1704 1140 1764 etiaua

152 1784 393 1863 »quodammodo
408 1786 510 1856 prodit
526 1785 548 1845 i.
572 1802 598 1846 r.
614 1783 650 1843 de
664 1786 756 1844 terris
773 1784 882 1863 linia.)
903 1802 947 1854 ut,
964 1779 1140 1850 li'nfricant

168 1865 234 1932 bac
248 1867 518 1938 expeditloJAttalo
534 1867 665 1926 feliciter
677 1868 809 1937 cederet,
823 1871 950 1941 imperlo
959 1870 1079 1941 cedere,
1097 1884 1143 1928 at·

169 1950 271 2029 quein
288 1948 439 2012 Orientem
453 1951 557 2025 fugere
572 1950 602 2008 ln
618 1951 744 2010 animum
760 1954 927 2020 induceret.
965 1951 1076 2015 Verum
1089 1951 1142 2013 hic

168 2035 204 2095 ab
230 2036 365 2095 exercitu
396 2034 564 2094 Heracliani
588 2049 657 2093 mox
683 2050 750 2095 cum
774 2033 833 2095 suia
858 2035 1039 2098 interfectus.
1092 2034 1140 2093 Eo

168 2120 265 2179 acriua
295 2116 488 2178 Heraclianus
521 2114 652 2175 Africam
679 2121 757 2179 tueri
792 2124 899 2193 coepit,
941 2122 1075 2181 littorum
1108 2117 1141 2180 dt

129 2259 134 2273 p
172 2214 311 2275 portuum
330 2201 439 2263 Africae
463 2199 633 2265 custodibua
649 2203 799 2274 admotis,
818 2216 905 2281 atque
918 2219 1061 2264 annonam
1078 2200 1145 2261 lio·

168 2288 244 2346 nram
262 2281 386 2348 subuehi
403 2285 509 2348 uetuit.
559 2283 650 2344 Unde
671 2285 774 2346 Rome
793 2282 885 2346 famer
905 2299 1018 2351 exorta.
1067 2285 1145 2345 Mox

172 2368 276 2429 Attalo
291 2369 447 2443 imperium
461 2368 498 2425 ab
511 2367 633 2428 Alarico
646 2371 839 2443 abrogatum,
857 2383 891 2441 ut
907 2382 1069 2432 memorant
1084 2368 1145 2427 Zo-

173 2451 260 2512 stmua
276 2453 297 2512 i.
311 2448 343 2514 6.
357 2468 389 2524 p.
402 2455 472 2527 827.
497 2460 567 2519 828.
590 2460 658 2526 829.
683 2464 754 2525 830.
781 2449 811 2511 dt
828 2455 1015 2515 sozomenus
1032 2455 1054 2513 1.
1069 2465 1101 2528 9.
1116 2468 1144 2514 c.

173 2538 209 2602 8.
244 2534 384 2607 Repetite
397 2549 489 2607 porro
510 2531 575 2591 haec
587 2535 635 2591 lex
648 2534 687 2593 A.
703 2532 776 2610 416.
793 2538 919 2597 totidem
937 2536 1053 2602 verbio,
1068 2550 1147 2596 nun·
1186 2581 1189 2589 .

174 2617 266 2677 nuilla
282 2631 378 2677 tamen
401 2618 556 2678 rudiori.
579 2616 629 2692 56.
670 2617 702 2676 ln
722 2623 930 2696 utraqueiepe
949 2620 1079 2680 notanda
1102 2616 1145 2677 est

172 2717 259 2774 poena
260 2697 424 2782 linguinis,
437 2715 521 2774 quam
530 2699 685 2760 Honorino
701 2703 895 2767 comminatur
908 2704 1035 2765 illicitoa
1047 2715 1152 2763 coetuo

173 2786 352 2857 agitantibus
376 2783 551 2849 Haereticia:
574 2797 689 2853 ‚nempe
712 2784 743 2842 id
761 2785 803 2846 ita
825 2787 855 2847 ln
882 2789 1007 2848 enimurn
1027 2787 1147 2846 induxit

162 2866 266 2938 'irtum,
286 2867 350 2940 post
363 2865 534 2941 frequentet
550 2863 766 2928 Haereticorum
782 2881 919 2940 conanti,
937 2871 1146 2949 obreptiones,

173 2950 389 3024 fabioneeque.
420 2949 565 3024 Alioquin
580 2951 608 3007 in
624 2946 791 3009 Hareticea
806 2967 893 3023 poena
903 2951 1048 3028 sanguinii
1061 2950 1143 3010 baud

101 3044 104 3048 ’
173 3037 249 3095 adeo
261 3033 387 3106 sancita„
404 3033 456 3096 nist
469 3032 498 3092 in
512 3031 698 3091 detestabiles
709 3029 740 3093 ἀ
753 3038 934 3096 execrabiles
951 3034 1146 3103 nonnnuiior.

158 3116 259 3179 'Errat
277 3130 358 3178 certe
373 3116 420 3175 vir
437 3117 563 3185 dodun,
584 3118 634 3192 qui
653 3117 709 3174 bac
730 3115 795 3190 lege
817 3129 932 3190 poenanr
950 3119 1145 3194 proscriptio·

154 3204 222 3262 ‘nia
245 3200 275 3264 dr
295 3198 442 3275 sanguinii
463 3195 800 3278 inpofitam'succesiive
818 3204 876 3276 alt,
908 3215 999 3274 puta,
1027 3213 1061 3261 ut
1084 3204 1147 3272 pria

175 3299 254 3344 mum
270 3283 413 3344 Haeretici
428 3280 648 3359 proscriptione
666 3282 849 3356 pleilantur3
883 3299 969 3362 quam
990 3283 1148 3357 potamii

129 3432 134 3442 ,
174 3367 405 3436 contemserint,
441 3365 549 3425 deinde
576 3379 663 3434 poena
693 3362 841 3439 sanguinis
862 3367 1044 3442 pretiantur:
1078 3382 1148 3433 nan

120 3476 123 3483 ·
176 3465 302 3527 utraque
326 3453 411 3521 puina
428 3448 509 3509 simui
530 3445 581 3507 bie
600 3449 763 3518 imponitur
781 3452 884 3512 verbio
908 3451 1150 3515 constitutioni·

177 3533 309 3595 Intendit
329 3545 422 3604 porro
440 3529 497 3589 bac
521 3529 586 3603 lege
607 3528 764 3607 Honorius
784 3549 899 3606 poenam
922 3537 951 3595 in
968 3534 1152 3612 Donatistae,
1166 3566 1179 3589 .·

177 3618 259 3692 quod
276 3614 446 3677 mitioribus
464 3611 575 3673 Edidit
595 3613 732 3687 inuitati,
754 3621 803 3679 vel
822 3618 919 3690 ptenlr
934 3619 1021 3680 etiam
1039 3617 1149 3692 artui,

175 3697 308 3762 furorem
327 3696 408 3760 suum
422 3696 559 3775 quotidie
580 3709 740 3777 augerent,
761 3696 980 3776 &extremum
1000 3701 1080 3768 unda
1098 3717 1152 3766 vr.

174 3782 241 3846 iido
255 3797 340 3868 metu
358 3795 434 3856 opua
454 3776 560 3843 visum.
601 3773 740 3856 (intimi.
