2784 4625
148 337 265 437 xtart
409 287 420 298 ”
623 300 826 372 ²²²²·

161 472 172 535 .·
191 475 253 576 tet
277 473 469 585 sensiam,
497 507 592 596 quae
616 509 783 681 quaque
808 482 859 568 de
886 480 1000 568 causa
1015 483 1160 570 nosirae
1177 479 1256 569 Ec-

194 596 320 692 clefiae
346 597 489 709 placita
514 596 597 700 aliis
650 597 874 707 ispliceant,
920 596 1007 699 sed,
1051 593 1260 712 quantum

150 780 154 789 ,
195 715 282 810 fieri
309 708 455 822 posset,
486 736 537 795 ex
553 706 817 799 familiaribus
841 710 1079 824 colloquiis,
1103 710 1153 802 ἃ
1176 714 1262 819 epi·

196 828 390 916 stolatum
407 829 657 930 commercio
670 825 833 916 discere.
856 825 955 912 inde
972 838 1050 911 iter
1065 823 1264 937 frequens

195 948 238 1030 in
256 966 381 1026 terras
398 940 470 1025 ubi
486 939 568 1024 aliae
585 943 727 1056 vigent
739 939 934 1044 Ecclefiae,
957 944 1164 1025 instituere
1185 964 1265 1023 coe·

198 1060 256 1170 pi,
306 1051 521 1164 Quidquid
550 1055 709 1167 ubique
736 1056 834 1141 boni
862 1058 1021 1158 inveni,
1050 1052 1090 1137 id
1112 1056 1154 1138 in
1171 1077 1263 1137 rem

198 1196 348 1269 meam,
375 1192 558 1279 meatque
573 1171 614 1252 T
617 1167 739 1254 heolo
772 1172 996 1281 {avertere
1012 1164 1264 1253 nonrecusa·
1291 1167 1294 1178 ‘'

201 1289 256 1371 v'i.
314 1280 504 1368 Modcsle
521 1279 679 1393 semper
695 1198 912 1393 disputavi,
943 1285 1006 1383 dr,
1030 1308 1112 1395 qua
1130 1283 1190 1366 uti
1207 1283 1265 1364 in·

203 1421 267 1484 tor
291 1400 402 1484 viros
428 1420 573 1508 graves
593 1404 633 1481 da
653 1397 837 1506 eruditos
854 1397 990 1500 docet,
1019 1396 1267 1492 urbanitate,

136 1562 139 1568 ι
202 1538 292 1612 rem
320 1535 422 1594 meae
450 1508 636 1598 Ecclesiae
661 1508 843 1623 fideique
870 1512 1048 1603 sustinui.
1091 1506 1265 1620 (Procul

204 1654 227 1716 a
257 1651 351 1711 meo
377 1628 599 1709 acroaterio
632 1650 779 1710 omnes
819 1624 1094 1736 logomachias
1116 1619 1266 1707 <abesse

202 1737 315 1847 julfi,
361 1738 630 1851 &quantum
655 1737 789 1840 licuit,
830 1738 1146 1849 consultumque
1175 1734 1266 1836 suit,

205 1878 373 1937 omnem
390 1851 932 1963 logomacbiarumcausam,
948 1850 1098 1952 sustuli,
1114 1849 1268 1960 abillo,

207 1964 533 2081 quoscholasiici
560 1966 659 2052 oiim
687 1968 778 2053 sunt
797 1965 875 2070 usa,
907 1964 1096 2055 sermone
1119 1963 1269 2051 techni·

209 2107 273 2187 co,-
288 2076 498 2188 absttasln,
515 2080 556 2165 dr
572 2081 794 2193 ambiguo,
807 2081 996 2195 seligiose
1017 2078 1269 2171 abstinendo

325 2192 440 2280 Dum
459 2193 547 2277 talia
570 2220 764 2305 propono
788 2221 971 2308 egoque,
1001 2192 1270 2304 saepius-inter

208 2306 355 2399 Musaei
390 2306 535 2397 secreta
566 2313 709 2395 tacitus
748 2338 914 2396 mecum
951 2308 1272 2419 sapientissimam

209 2448 370 2523 utornae
407 2421 674 2533 providentiae
720 2428 994 2509 oeconomiam
1035 2420 1275 2534 consider03

141 2537 144 2543 ’
211 2543 442 2653 omnesque
465 2563 637 2623 eventus
660 2537 974 2641 humanitatem,
1017 2535 1275 2649 religionem,

212 2648 432 2739 Ecclesiam
456 2654 770 2754 concernentes,
801 2653 933 2764 probe
959 2675 1078 2752 noto,
1102 2650 1274 2735 'combi-

211 2789 378 2877 uoqu03
406 2787 554 2874 atque,
584 2764 685 2877 quid
705 2770 884 2878 quisquo
903 2765 952 2851 ad
970 2761 1273 2863 restituendam,

211 2878 539 2972 Christianorum
565 2878 876 2965 Ecclesiasticam
904 2884 1099 2966 unionem
1127 2881 1276 2988 contri-

113 3032 118 3039 *
207 2990 369 3095 buerit,
397 2988 535 3077 sedulo
558 3018 782 3106 comput03
824 3020 949 3108 quam
971 2990 1189 3104 aliquando
1214 3016 1276 3073 re·

157 3107 160 3111 ’
211 3105 397 3195 stitutum
419 3109 480 3206 iri,
499 3112 557 3190 uti
573 3107 835 3192 humanitatis
853 3133 975 3222 ergo,
1005 3104 1279 3192 ardentissimo

212 3242 333 3331 opto,
363 3225 415 3303 ita
439 3221 634 3306 constanti
666 3221 767 3322 fide,
798 3221 906 3309 illam
930 3249 953 3305 a
981 3217 1276 3309 divinaProvi·

213 3328 355 3424 (lontio.
372 3339 523 3426 curari,
558 3338 600 3423 aa
629 3361 704 3445 pet
728 3338 811 3422 vias
836 3339 957 3421 etiam
978 3331 1163 3419 occultas
1183 3357 1290 3441 pro·

211 3450 402 3545 moveri,
434 3474 649 3562 nunquam
669 3474 753 3533 non
774 3447 952 3560 credidi3
982 3446 1050 3534 etsi
1076 3445 1205 3531 multa
1221 3449 1276 3528 vi·

213 3559 343 3653 detim
370 3559 449 3672 spei
476 3590 597 3663 meae,
628 3586 854 3673 optatoque
876 3560 1038 3648 effeslui
1069 3562 1156 3646 fieri
1179 3585 1276 3645 con·

214 3676 345 3764 traria,
405 3676 540 3771 Vanae
558 3675 629 3783 has
645 3674 730 3760 else
750 3677 882 3761 nubas
901 3703 1012 3764 ratus
1035 3675 1143 3774 sum,
1182 3700 1277 3786 qum

85 3861 89 3868 .
216 3784 341 3882 solem
357 3789 485 3878 oculis
508 3789 740 3880 subducunt
757 3791 1022 3904 aliquamdiu,
1035 3793 1279 3900 neutiquam

213 3926 333 4014 vcro,
363 3909 498 3997 noire
526 3930 670 4027 pergat
701 3904 744 3999 u
774 3902 991 4028 prodesse,
1026 3902 1279 4111 ὶιῃρὲἀίμηε.

880 4061 884 4069 ·
918 4098 921 4108 .
1144 4041 1221 4110 018
