2784 4625
194 328 288 390 ξονι
626 300 829 372 ²3²⁵

197 471 301 572 olim
325 472 369 555 in
393 470 522 580 patria
539 493 632 554 mea
655 467 905 576 clariffimos,
926 466 1150 584 spefflntes
1167 471 1262 574 reli·

120 605 125 624 '
197 588 306 702 quia
325 581 517 700 libraria,
548 608 632 668 non
647 579 795 672 leviter
812 581 902 672 suot
919 584 1141 674 consolata.
1173 591 1261 676 Has

195 685 307 818 inter
317 695 522 810 primum,
539 721 630 782 tum
646 692 740 801 suo,
772 703 863 784 tum
885 695 1111 810 pollelsoris
1129 705 1263 789 nomi·

197 841 272 920 ne,
300 813 469 902 miratus
494 807 582 898 sum
604 807 792 898 codicem
814 837 995 925 quatuor
1013 813 1261 928 Evangelio·

194 929 316 1038 ¹inam,
331 927 487 1042 marum
501 925 547 1034 ,a
565 925 911 1037 an'nquillrmum²
941 929 985 1013 in
1007 929 1264 1041 Syriacallin·

197 1045 304 1162 goa,
341 1035 592 1154 charailere,
631 1065 760 1150 quem
797 1064 947 1127 vocant
989 1041 1269 1157 estranghelo,

195 1181 292 1246 ante
310 1177 439 1240 annos
468 1153 612 1272 viginti
638 1151 681 1238 a
707 1179 843 1242 unum
862 1152 968 1240 ultra
986 1153 1263 1272 septingentos

195 1268 495 1382 conscriptum:
531 1293 685 1379 quem,
721 1292 768 1354 ut
788 1294 842 1370 ex
874 1271 1133 1383 autographo
1159 1275 1264 1372 testi·

193 1387 341 1484 monio
357 1381 538 1483 constat,
567 1377 949 1468 Brunosuicensrum
972 1385 1015 1472 a
1039 1383 1265 1474 Lunebut·

195 1496 384 1618 genfium
408 1493 802 1612 Duei‘AugustoQin
818 1495 1097 1586 celeberrimae
1117 1499 1262 1596 biblio·

195 1613 326 1723 thecae
346 1607 423 1699 snae
446 1630 758 1716 ornamentum,
787 1636 862 1696 nee
878 1636 963 1696 non
981 1611 1030 1696 ad
1049 1613 1264 1726 gratitudi.

196 1754 295 1832 nem
318 1750 397 1836 pro
423 1745 484 1808 tot
508 1725 550 1806 in
573 1718 611 1808 se
632 1721 796 1827 collatis¹
814 1724 1020 1811 beneficiis
1036 1722 1261 1814 contestani

146 1928 149 1933 .
194 1841 304 1940 (lam,
314 1835 447 1924 cordis
465 1838 613 1920 intimo
629 1831 779 1922 allelon
795 1837 958 1942 obtulit,
978 1839 1139 1945 dicavit,
1159 1867 1259 1930 con·

172 1957 382 2055 lactavit,
420 1948 661 2060 Athanafius
687 1949 920 2039 Kircherus.
989 1954 1259 2068 Adglutinata

185 2072 255 2159 est
276 2066 443 2155 Codicis
468 2062 706 2167 involucro,
739 2064 946 2153 donatoris
962 2071 1097 2181 imago
1115 2073 1183 2153 aeri
1200 2064 1276 2165 afr·

194 2180 314 2278 fabre
338 2177 615 2268 aBloemartio
640 2175 782 2282 ineisa,
816 2184 890 2282 ita,
930 2203 977 2266 ut
1001 2184 1078 2267 viri
1103 2180 1260 2272 bonam

191 2293 376 2403 indolem
387 2320 445 2409 ⁵ex
461 2290 773 2492 phyfioppomia
789 2292 903 2381 liceat
920 2294 1125 2398 divinata
1152 2295 1257 2383 Gra·

190 2413 348 2513 titudo,
378 2434 505 2525 quarn
523 2404 614 2493 Kirc
635 2411 742 2494 erus
776 2408 856 2493 hoc
882 2408 1150 2498 documento
1166 2410 1257 2499 Du·

194 2534 231 2618 ei
259 2522 510 2638 profitetur,
553 2520 741 2611 annuum
775 2520 949 2634 respicit,
994 2522 1256 2636 stipendium,

194 2669 283 2761 quo
302 2667 353 2725 ex
369 2635 457 2747 ejus
473 2632 707 2721 liberalitate
724 2639 866 2722 Roma:
888 2636 1063 2753 degens,
1094 2636 1258 2753 gavisus

191 2756 272 2858 est,
315 2777 443 2869 quam
473 2752 658 2865 primum
683 2748 788 2836 Duci
812 2753 953 2836 Roma
976 2755 1257 2866 peregrinanti

162 2931 165 2939 -
191 2870 437 2961 innotuerat.
493 2858 570 2949 Per
594 2862 782 2976 epistolao'
807 2868 927 2951 variae
946 2865 1255 2957 eruditionisae

188 2980 342 3099 leporis
365 2977 519 3095 plenas,
544 2976 671 3065 Ducis
703 2976 1033 3068 benevolentiam
1060 2980 1149 3092 post
1177 2978 1255 3069 hac

189 3091 266 3202 l'rb'i
282 3095 453 3183 servavit
469 3090 513 3177 a
529 3094 641 3178 auxit
657 3090 889 3179 Kircherus.
910 3092 1015 3178 Sunt
1027 3098 1193 3205 praetera
1208 3096 1251 3182 in

149 3270 152 3276 ·
186 3208 268 3316 hac
285 3206 473 3325 Augusta
492 3202 739 3305 bibliotheca
762 3205 949 3320 quadam
963 3206 1037 3291 alia
1055 3234 1140 3293 non
1156 3231 1249 3321 par·

188 3331 232 3423 vi
252 3321 451 3412 momenti
469 3316 736 3413 Kircheriana
754 3318 805 3404 de
825 3319 992 3434 quibus,
1016 3349 1068 3407 ne
1085 3320 1253 3436 longior

188 3430 698 3549 limmpudllurckardum,
715 3430 839 3544 hujus
858 3431 1113 3523 bibliothecae
1128 3434 1251 3523 histo·

188 3549 482 3669 ringraphum,
512 3547 629 3660 plura
646 3546 773 3667 leges.

290 3668 554 3776 Quantopere
579 3661 815 3775 paucahaec
835 3661 1015 3753 Kircheri
1035 3661 1250 3779 quondam

187 3781 314 3868 nostri
340 3778 504 3889 vestigia
533 3772 673 3863 vidilse'
703 3803 770 3863 me
798 3775 1021 3867 delcitarit:
1067 3802 1249 3894 quantus

186 3892 297 3986 mihi·
313 3919 366 3981 ex
380 3891 514 4021 patria
538 3915 630 4013 mea
656 3886 763 3985 visus
791 3887 970 3985 fuerim:
1005 3904 1251 4011 quantoque

1089 4030 1190 4101 cum
1256 4058 1258 4065 ·
