2784 4625
203 321 357 417 euuvm'
637 325 839 442 ’ξ’-ᾖε

323 488 623 605 Absitprecor,
644 490 745 580 dum
765 491 854 581 talia
870 491 920 580 de
935 490 1004 579 m'e
1023 491 1281 606 pradictum·

210 607 344 699 vidia:
372 606 473 693 absit
495 609 629 694 omnis
646 606 840 716 iaetantia
863 606 1056 721 suspicio!
1086 621 1278 699 naturam

209 722 334 838 laudo
358 727 402 806 in
424 750 492 807 me
517 721 676 808 summe
703 722 951 825 beneficam,
997 750 1081 810 non
1110 728 1278 837 propria

209 838 508 951 indumenta,
533 837 643 950 ¹bene
668 862 848 937 memor,
877 842 1074 924 tationem
1098 840 1279 924 mered·

210 953 398 1041 diturum
422 945 578 1037 austeri
607 975 771 1052 natura,
794 951 843 1038 de
865 949 1161 1038 beneficiorum
1172 954 1279 1063 ejus·

116 1150 117 1153 a
183 1171 189 1178 ‚
211 1063 327 1155 modi
352 1072 394 1149 in
419 1092 486 1149 me
515 1063 763 1149 collaturum
789 1065 904 1151 resto
921 1065 1018 1170 usu,
1046 1069 1090 1157 δι
1107 1072 1280 1180 propiti-

210 1209 287 1272 um
303 1180 421 1265 ilium
439 1178 593 1264 habete
609 1177 789 1287 iudicem
806 1206 874 1264 me
893 1179 1013 1285 veile.
1037 1219 1041 1227 ’
1157 1252 1161 1260 ,

231 1365 233 1369 .
302 1293 573 1404 :Theologica
594 1292 740 1395 studia,
771 1297 890 1405 queis
911 1293 1080 1406 posthac
1097 1291 1185 1379 sum
1210 1292 1277 1379 ad·

104 1445 107 1452 “
210 1408 406 1523 plicatus,
434 1431 481 1492 ut
508 1406 770 1516 summopere
793 1412 945 1509 amavi,
980 1407 1033 1494 src
1061 1433 1276 1521 nunquam

209 1527 312 1626 levi,
341 1546 415 1608 aut
436 1519 765 1607 remissotanimo
802 1520 995 1630 tresiani*
1065 1522 1202 1607 Verba
1233 1526 1276 1609 δι

211 1633 413 1724 formulas
430 1639 628 1721 memoria
646 1660 787 1720 tenere
805 1650 888 1719 non
905 1660 1146 1739 contentus,
1184 1662 1276 1721 rem

212 1749 337 1862 ipsam
362 1748 589 1837 &sensum
617 1746 779 1861 semper
801 1753 979 1845 intento,
1010 1753 1054 1838 δι
1084 1754 1278 1861 pertinaci

175 1915 181 1924 x
212 1865 345 1958 studio
364 1862 565 1979 inquifivi.
624 1864 692 1949 Sic
709 1868 959 1976 experientia
978 1864 1118 1966 didici,
1148 1887 1277 1976 quam

212 2006 337 2093 graue
354 1979 410 2083 fit,
421 1978 552 2063 abdita
572 1974 665 2062 fidei
685 1981 872 2089 mysteria
882 1983 1037 2065 rimari:
1067 2004 1197 2091 quam
1211 2004 1276 2063 va*

208 2100 284 2180 rias
318 2095 474 2178 invias
508 2090 653 2205 singuli
682 2091 967 2186 abducamur,
1011 2093 1111 2178 dum
1138 2118 1276 2177 unum

211 2208 424 2320 idemque?
441 2231 607 2307 omnes,
645 2205 748 2290 dum
770 2211 982 2293 veritatem
1010 2210 1275 2320 inquirimus:

120 2425 122 2429 Ι
211 2312 471 2436 quamsaepe
498 2324 727 2436 contingat,
764 2345 832 2416 ut,
870 2343 1020 2426 metam
1052 2324 1153 2407 dum
1177 2319 1278 2406 adaia·

197 2434 306 2550 gissa
339 2437 566 2540 credimus,
608 2433 731 2548 paulo
765 2437 869 2550 post,
890 2463 943 2521 ex
973 2440 1200 2547 angiportu·
1233 2439 1275 2520 in

209 2551 395 2664 longum
412 2548 547 2633 adhue
586 2547 758 2659 spatium
782 2548 1023 2661 prospeeius
1049 2553 1274 2660 aperiatur3

115 2747 120 2756 ,
207 2678 256 2748 ut
272 2691 369 2749 cum
394 2664 500 2748 idem
519 2686 831 2774 argumentum,
869 2663 985 2780 quod
1000 2663 1081 2775 jam
1107 2663 1276 2779 exhaus-

209 2775 429 2863 srssenobis
455 2775 717 2876 videbamur,
748 2780 897 2863 iterum
916 2807 1027 2865 novo
1053 2778 1187 2864 studio
1210 2777 1274 2863 lu·

207 2890 417 2991 strandum
434 2889 661 2993 sumimus,
689 2891 781 2977 alias
798 2919 1010 3005 novasque
1029 2890 1119 3002 ejus
1139 2876 1275 3005 partes

207 3005 488 3117 adtingamus3
530 3027 579 3089 ut
603 3003 730 3088 hodie
754 3007 1005 3114 rejiciamu8‚
1031 3005 1158 3118 ·qu0d
1184 3007 1274 3091 heti

104 3206 110 3215 ,
205 3120 481 3230 probavimus
500 3117 579 3204 dre.
609 3119 704 3204 Hoc
721 3125 857 3204 animo
875 3121 1110 3206 modestiam
1127 3125 1166 3204 in
1186 3119 1273 3204 sen·

205 3232 365 3336 tiendo,
403 3234 447 3320 dc
474 3231 771 3344 indulgentiam
790 3236 832 3318 in
851 3234 966 3318 aliter
983 3233 1195 3319 sentientes
1213 3237 1274 3317 in·

206 3344 548 3458 didit2·quotidie
574 3344 796 3452 majorem,
843 3373 931 3462 quo
955 3346 1176 3435 studiarlon
1208 3352 1273 3433 ius

205 3461 515 3568 continuabam,
543 3460 587 3545 8<
608 3459 805 3546 intensus
821 3459 936 3574 perse
969 3463 1110 3548 uehar.
1200 3485 1274 3546 tra·

117 3625 125 3645 ι
203 3601 288 3686 que
306 3578 435 3689 inme
451 3576 508 3659 est
525 3573 682 3659 adeum
695 3574 875 3661 modum
892 3591 944 3660 au
988 3606 1022 3678 a,
1034 3603 1120 3690 quo
1137 3573 1273 3686 major

200 3688 301 3772 mihi
323 3690 422 3799 'eum
449 3683 773 3791 dissentientibus
798 3688 1051 3775 consuetudo
1078 3691 1135 3775 est
1157 3714 1270 3774 nata:

200 3805 349 3910 partim
375 3806 609 3887 enimcum
635 3804 684 3888 iis
699 3800 1271 3918 colloquendmpartimeq·

200 3924 296 4003 rum
316 3913 461 4030 scripta
478 3913 731 4041 evolvenda,
762 3917 880 4006 didici
898 3943 1101 4030 quantum
1120 3945 1270 4117 etluum

158 4041 160 4046 ’
260 4028 378 4155 ·.ἕ,ζ’ὶξ
628 4046 715 4119 eu
984 4119 987 4123 ,
1118 4057 1210 4146 pu·
