2784 4625
95 359 105 629 ι
151 525 157 542 ’
283 535 426 629 Habet
449 563 580 653 porro
598 539 910 641 ,Brunosuicum
935 539 1093 660 insigne
1113 539 1155 634 u
1172 565 1234 636 ce·

95 639 106 728 l
151 655 282 746 'lebre
301 653 667 771 gazophylacium,
696 655 849 762 multa,
910 683 971 742 uae
996 658 1046 744 ad
1064 683 1234 766 naturae,

95 775 114 890 lg·
163 771 306 888 plura,
335 798 427 884 quae
452 771 502 857 ad
519 775 615 857 artis
630 768 823 860 humanae
838 683 1038 858 inflantia
1055 775 1099 863 ἃ
1116 773 1235 862 soler·-

95 899 107 988 ,ἓ
163 890 249 989 tiae,
282 881 535 999 quandoque
560 883 664 979 male
688 889 731 971 in
755 886 968 973 inutilibus
987 883 1145 994 sedulae5
1172 889 1234 976 hi·

95 995 104 1068 l
164 1001 329 1088 storiam
349 1002 578 1110 pertinent,
620 998 833 1112 singularia
856 1003 1083 1091 continens.
1140 1001 1235 1091 Pre'·

95 1111 101 1214 ‚l
165 1113 253 1200 tiofi
287 1112 431 1225 lapidis
479 1139 654 1226 gemmae
691 1112 841 1200 incisae:
885 1114 1063 1202 celebre*
1083 1113 1235 1226 potissi-

95 1217 105 1260 *
153 1223 299 1322 muru,
319 1225 437 1340 quod
454 1227 747 1338 aPrincipibus
765 1228 1124 1328 Mantuanisolim
1144 1231 1235 1344 pus·

163 1337 401 1435 sessoribus,
436 1368 590 1428 nomen
609 1341 752 1446 habet,
791 1348 923 1457 pretio
942 1371 1042 1430 vero
1068 1359 1150 1431 tani
1176 1341 1234 1434 ob

149 1453 332 1570 lapidis,
359 1482 450 1656 2110
467 1455 644 1557 constat,
674 1455 878 1552 indolem,
910 1484 1036 1573 quam
1063 1459 1119 1546 ob
1137 1461 1234 1548 inci·

163 1567 265 1657 soris
283 1573 355 1654 arti
387 1597 478 1656 cem
496 1596 664 1655 manum
684 1572 866 1657 maximo
886 1573 1117 1678 aestimatur,
1140 1597 1234 1664 vast

150 1682 358 1772 'colleelio
390 1703 579 1798 praterea
605 1684 911 1798 locupletiffima
940 1711 1147 1776 aeneatum
1181 1693 1236 1778 ta·

152 1797 376 1902 ¹bularum,
403 1797 555 1884 diutius
583 1825 671 1903 me,
708 1825 835 1913 quam
867 1798 1025 1916 reliqua
1053 1801 1235 1895 detinue-

152 1913 653 2025 'runtcontemplantem
705 1980 708 1986 .

152 2041 157 2048 '
287 2027 425 2114 Habet
441 2025 625 2130 demum,
655 2049 704 2113 ut
720 2025 855 2114 similia
870 2027 942 2114 alia
959 2030 1130 2116 minoris
1146 2047 1236 2118 nro·

152 2143 320 2247 menti,
359 2165 615 2255 preteream,
655 2141 859 2229 industria
891 2145 934 2231 δι
961 2142 1128 2240 solertiae
1156 2143 1234 2232 hu·

153 2247 305 2351 'manae
330 2257 425 2342 novi
443 2259 605 2370 generis
624 2251 852 2357 officinam,
883 2257 956 2342 ubi
975 2255 1235 2359 Stockwasse'·

153 2362 221 2457 'ro
245 2368 434 2473 auftore,
481 2368 724 2472 duellum,¹
750 2370 1121 2459 redemtore'varia
1149 2398 1236 2462 non

150 2510 257 2581 ,tarn
281 2484 331 2571 ad
357 2484 644 2599 qnotidianum
667 2487 760 2571 vitre
785 2481 928 2588 usum,
959 2483 1024 2573 sed
1047 2486 1095 2572 ad
1121 2504 1237 2574 orna·

153 2614 265 2714 'tum
283 2603 425 2703 etiam,
456 2597 681 2709 seeundum
697 2597 819 2709 justas
842 2596 940 2685 resti
957 2600 1238 2718 elegantisque

201 2714 316 2799 ustus
340 2712 516 2829 regulas',
542 2712 723 2800 utensilia
747 2713 813 2798 vel
839 2740 890 2800 ex
912 2714 1044 2829 ligno,
1090 2716 1156 2803 vel
1181 2742 1236 2831 ex

149 2742 333 2928 ,faminis
353 2828 501 2929 metalli
529 2826 712 2931 duelilis,
742 2827 806 2913 vel
826 2856 877 2913 ex
894 2828 1040 2927 chartae
1064 2836 1237 2917 macera·

148 2936 222 3031 ''tae
248 2936 390 3044 massa,
409 2928 544 3045 -sasta,
581 2936 733 3028 affabre
757 2940 880 3056 pieta,
917 2938 1239 3062 vernice,obdu·

172 3082 345 3160 cuntur,
376 3074 499 3171 atque
520 3061 615 3171 igne
634 3078 745 3168 apto,
776 3054 885 3144 teile
901 3052 950 3142 ad
967 3057 1079 3144 hunc
1095 3056 1238 3163 finem,

156 3170 342 3273 ‘senone
366 3194 612 3283 temperato,
644 3172 904 3284 repetitoque
932 3168 1066 3273 costa,
1104 3174 1238 3285 cuivis

153 3278 260 3405 [usui
286 3309 505 3397 aptantur,
552 3288 595 3376 ἃ
622 3308 762 3372 contra
793 3284 971 3374 laefiones
996 3283 1147 3375 multas
1171 3286 1237 3405 fir·

150 3418 392 3497 ..mantur.,
1211 3500 1215 3505 ,

153 3512 165 3541 ·’
318 3508 513 3597 Sodalitio
560 3505 736 3598 fratrum
783 3510 1237 3620 Sinzendorfianorunl,

154 3617 289 3829 'guod
303 3638 439 3741 genus
457 3624 675 3712 hominum
693 3646 820 3737 quam
840 3632 1020 3720 maxime
1045 3630 1096 3715 ab
1120 3630 1240 3739 indu·

152 3713 165 3767 ⁸
208 3742 265 3825 ria
282 3740 499 3841 &solertia
515 3737 830 3825 commendatur
859 3772 915 3808 ···'·
941 3741 1159 3856 adscriptus
1179 3743 1238 3843 est

95 3882 97 3903 ²
153 3858 237 3941 ‘vir
252 3852 345 3958 iste,
368 3858 417 3941 -in
438 3855 551 3940 olnni
567 3852 739 3941 laudum
758 3882 907 3967 genere
925 3863 1010 3969 pan·
1036 3882 1132 3944 cunr
1159 3852 1238 3971 suit

95 4004 102 4115 i
154 3962 379 4077 sodalibut
409 3967 825 4083 contendenapallu.
887 3971 1111 4086 Religlofus
1141 3968 1239 4057 alit-

95 4121 101 4199 Ι
210 4094 222 4111 “’
267 4126 301 4143 ··
1083 4107 1179 4175 rum
