2784 4625
581 345 785 377 W

582 380 788 424 ·····.·······
893 419 898 425 .
1125 363 1219 437 xcu'

141 536 249 635 quot
272 514 444 610 demum
470 512 561 627 post
585 505 820 626 Principem
842 516 979 602 annis:
1024 519 1217 630 quumvis

139 638 284 746 inepte
308 627 427 716 ausus
452 630 524 714 fibi
549 634 684 740 primo
710 629 884 746 gloriam
905 629 1013 713 iilum
1038 632 1216 718 vindico·

139 772 211 850 re,
240 744 441 855 Principis
455 744 702 857 ingentibus
720 747 880 830 meritis
903 768 978 856 per
1001 739 1197 847 κάκοζκλιι

145 859 413 949 diffimulutis.
815 925 834 974 a
1092 945 1094 948 .
1178 873 1190 902 ‘

262 971 524 1060 Bibliothecae
547 968 674 1082 hujus
700 970 906 1085 originem
938 996 1023 1059 non
1040 966 1218 1081 poffum

142 1090 247 1204 quin
266 1088 339 1172 tibi
362 1085 642 1198 exConringii
661 1084 712 1175 ad
729 1084 1056 1201 Boinebutgium
1073 1088 1217 1198 episto·

140 1204 180 1290 la
195 1199 437 1304 describam.
495 1199 691 1305 Portento
712 1199 814 1285 mihi
834 1194 921 1285 fere
940 1199 1064 1286 timiie
1082 1201 1139 1285 est
1160 1205 1217 1284 vi·

143 1315 257 1411 sum,
286 1313 519 1424 Principem
544 1312 633 1423 ejus
660 1313 936 1425 conditorem,
976 1318 1116 1425 prucis
1142 1318 1220 1425 pri·

144 1455 267 1519 mum
301 1428 691 1543 reditibus-tuntum
724 1427 898 1540 potuiffe
926 1454 1042 1541 opus
1060 1429 1219 1515 moliri:

147 1546 295 1659 posten—
310 1568 411 1628 vero
438 1539 489 1626 nd
511 1541 746 1653 reipublicae
766 1541 1056 1742 gubernacula
1078 1543 1220 1627 admo·

144 1683 253 1760 tum,
279 1658 416 1743 adhuc
438 1656 582 1744 litteris
607 1654 753 1742 &suae
811 1656 1039 1743 ibliothecae
1059 1679 1217 1760 vacare,

147 1776 251 1887 quin
266 1770 419 1886 aliquid
435 1765 584 1862 exinde
604 1768 838 1876 detrimenti
854 1771 1084 1883 respublica
1110 1795 1219 1881 pute·

101 1943 103 1948 -
147 1912 279 1975 retur.
334 1887 551 1997 Quantum
569 1882 744 1995 -poisunt
766 1884 979 1989 homines,
1011 1887 1038 1970 (r
1054 1890 1113 1970 uti
1138 1884 1217 1970 suis
1247 1884 1259 1899 ⁴

148 2003 334 2103 viribus,
362 2000 390 2084 fi
416 2003 475 2083 uti
500 2010 691 2109 t‘empore
714 1995 946 2088 didicerint!
993 1996 1131 2100 Quam
1152 2026 1218 2082 ve·

146 2113 220 2202 lim
249 2115 377 2212 unfit
398 2108 600 2226 plurimos
623 2114 666 2198 u
682 2108 829 2199 divitiis
846 2117 889 2201 dr
907 2117 993 2199 otio
1008 2113 1217 2200 abundun-

147 2253 205 2317 tes
220 2229 392 2343 privato
409 2226 524 2313 sortis
544 2227 670 2328 viros,
693 2224 774 2312 hoc
790 2227 1228 2314 iilustriffimumPrin·'

101 2424 105 2459 ,
148 2348 262 2458 cipis,
281 2347 354 2458 qui
372 2344 548 2455 &prius
572 2364 648 2452 pro
669 2343 827 2426 ratione
842 2341 1048 2453 dignitatis
1065 2336 1162 2433 suaes
1174 2341 1236 2428 δὲ

101 2464 105 2529 Ι
147 2462 287 2575 magni
317 2458 439 2542 animi
472 2450 667 2541 nonsatis
692 2451 1215 2569 dives,'qunntnmpotuit

149 2576 238 2659 aeris
278 2566 502 2671 summum
553 2564 798 2655 instruendae
841 2566 1100 2656 bibliothccae
1143 2571 1218 2656 im·

149 2683 316 2801 pendit3
361 2686 405 2772 δι
441 2683 578 2797 posteo
616 2685 793 2796 negotiis
823 2682 998 2795 publicis
1023 2688 1218 2785 intentus,

152 2827 232 2887 nec
255 2794 390 2887 musas
414 2821 550 2883 tamen
578 2797 625 2881 dr
656 2798 807 2882 litteras
836 2803 950 2910 prius
974 2823 1124 2887 umatus
1151 2798 1220 2885 de·

154 2914 300 3017 seruit,
330 2911 397 2999 sed
422 2936 694 3026 quascunque
719 2934 865 2997 vacuos
884 2911 1004 2997 horus
1026 2912 1220 2999 iliis'con·

95 3106 97 3113 .
154 3025 342 3130 secrevit,
386 3025 646 3137 exempium‚
692 3046 740 3110 ut
769 3023 942 3142 dignum
972 3023 1075 3138 qnid
1103 3025 1221 3131 beata
1279 3067 1287 3087 ·

155 3140 224 3227 sun
251 3140 487 3247 conditione
510 3139 704 3237 audeant,
743 3135 786 3224 dr
813 3164 1016 3273 quantum
1045 3136 1222 3252 possunt,

112 3266 119 3275 '
152 3255 208 3341 de
232 3255 311 3363 iuis
339 3255 508 3355 divitiis,
529 3256 586 3342 dr
609 3250 662 3337 de
684 3246 756 3337 suo
780 3278 864 3343 otro
890 3253 1009 3340 litent
1031 3250 1156 3342 mufis
1177 3252 1222 3341 dt

110 3453 114 3459 .
150 3366 408 3482 reipublicae,
438 3363 620 3480 indeque
644 3363 763 3453 fnmae
788 3364 847 3454 sui
874 3372 1051 3453 nominis
1078 3390 1221 3481 peren·

157 3508 278 3587 uem,
308 3486 351 3570 81
375 3506 529 3596 gratm
555 3475 724 3567 suorum
748 3480 1046 3587 beneficiorum
1065 3509 1224 3572 memo·

152 3601 258 3685 riam
277 3596 346 3682 fibi
364 3623 385 3680 a
402 3597 573 3708 posteris
588 3595 803 3683 redimant.
991 3673 998 3690 ,

274 3705 574 3796 “Thesaurum
611 3709 726 3795 hunc
755 3707 966 3802 librarium
1086 3703 1223 3797 scribit

153 3821 413 3938 Contingius
535 3826 647 3939 regia
674 3818 884 3935 proferto,
936 3819 1079 3939 fiquod
1110 3818 1233 3907 aliud*

150 3960 255 4029 vere
278 3936 548 4059 magnificum
577 3960 706 4050 opus,
743 3934 1003 4035 aernuittione
1025 3936 1221 4052 Princeps

649 4074 737 4167 gn
1052 4072 1170 4138 meus
1295 4160 1299 4170 ι

97 2039 103 2110 i
