2784 4625
193 345 272 434 pm
447 357 453 372 ι
627 316 829 370 ΕΞ

197 517 298 608 trem
313 479 488 590 offendit
507 478 646 574 mitius
663 490 856 574 nuntius:
884 481 1153 580 omoeourbe
1173 481 1270 580 ebe.

197 632 303 699 rant.
362 604 514 735 Mitto,
543 604 615 715 qui
628 600 971 733 ,bibliothecarios
988 626 1203 737 rogarent,
1221 603 1288 690 li·-

198 714 1174 940 {mittes,t‘ssssitiitif‘tztmittit,
1190 719 1270 946 ἓξὲξ

197 951 242 1040 id
257 961 389 1062 getius
406 943 540 1032 offiieii
562 946 741 1057 praestet:
771 947 822 1038 ab
842 946 947 1032 urbe
963 944 1108 1049 obesse,
1139 968 1270 1057 penes

201 1091 310 1179 quos
324 1057 420 1146 esset
438 1063 496 1144 rei
510 1058 888 1148 librariaecustodia:
912 1107 967 1128 -··
989 1061 1043 1146 Et
1060 1059 1144 1146 talis
1163 1085 1269 1146 nun·

201 1185 283 1272 tius
307 1203 357 1262 co
388 1180 454 1276 ito,
463 1176 519 1278 mi
538 1171 739 1275 Boenieke,
753 1175 852 1259 mihi
869 1180 979 1260 venit
988 1174 1268 1276 curiofiffimo,

142 1293 144 1298 ’
196 1291 332 1407 fiquid
355 1203 461 1376 Forte
487 1292 651 1376 rarioris¹
668 1288 816 1375 chartae
841 1289 891 1374 ed
907 1291 1092 1376 Flavium
1118 1315 1266 1374 meum

199 1435 274 1496 out
302 1403 353 1492 ad
381 1401 622 1490 Conradom
656 1405 841 1488 nostrum
883 1403 1266 1516 Ravensburgium,

200 1523 301 1610 olim
331 1514 619 1604 Hildefiensem
644 1518 916 1630 Episcopum,
960 1519 1081 1629 cujus
1107 1542 1154 1603 tu
1175 1514 1267 1602 seri-

201 1638 303 1724 bere
319 1635 443 1720 vitam
460 1656 593 1743 paras,
623 1628 858 1743 spestmtis,
883 1637 925 1720 in
941 1635 1107 1719 vetustae
1127 1630 1267 1718 Eccle·

198 1749 265 1840 fiae
281 1744 529 1833 bibliotheca
551 1742 812 1832 reconditum
836 1745 1084 1854 invenirem!¹
1120 1845 1122 1850 ,
1153 1805 1155 1810 -

200 1965 203 1970 ,
314 1859 529 1965 Quantum
571 1882 669 1945 tunc
696 1857 938 1976 indignabar
968 1863 1010 1950 δι
1038 1857 1132 1948 sorti
1164 1881 1268 1948 moae

201 1974 375 2070 funestae
397 1975 440 2062 ἃ
463 1971 588 2062 urbi!
661 1972 810 2060 Parum
834 1973 1040 2078 abfuerat,
1072 1976 1177 2089 quin
1204 2001 1269 2058 ex·

203 2088 317 2178 cosso
343 2114 396 2174 ex
415 2084 593 2200 pedibus
611 2085 786 2200 pulvere
810 2117 862 2176 ex
886 2090 1105 2176 moenibus
1129 2085 1267 2178 inviso

202 2231 272 2298 me
298 2229 425 2317 quam
455 2202 638 2286 citiffime
671 2206 961 2316 proripetem,
1006 2206 1269 2292 Honooverae

203 2320 337 2409 hocce
362 2316 526 2403 taedium
549 2314 822 2428 depotiturus.
890 2319 1057 2407 Interim
1072 2319 1155 2430 jom
1176 2340 1268 2405 tum

204 2439 261 2523 ibi
277 2456 380 2534 erat,
411 2434 482 2543 qui
506 2430 607 2515 mihi
633 2435 821 2544 meisque
840 2432 999 2537 studiis,
1030 2434 1134 2546 quin
1158 2430 1268 2519 reici·

204 2576 317 2641 rem,
361 2548 470 2630 mire¹
492 2541 618 2662 favet,
652 2547 694 2629 &
724 2544 949 2651 benevole,
989 2543 1266 2648 fiinvfiiisem,

200 2690 273 2752 me
294 2658 491 2770 hospitem
510 2681 594 2742 erat
612 2681 867 2768 recepturus.
896 2665 1048 2749 Annus
1064 2661 1148 2771 jam
1165 2659 1270 2747 abie-

203 2803 289 2875 rat,
322 2800 420 2861 cum
444 2799 497 2859 ex
529 2772 1100 2891 venerabiliRiddagshusani
1129 2800 1268 2873 mono,

131 2917 138 2933 ’
204 2894 310 2983 sterii
333 2887 497 2979 Abbate
523 2890 718 2995 primum,¹
733 2887 1034 3002 intelligerem,
1062 2894 1119 2976 rei
1151 2888 1267 2975 saetae

203 3012 260 3097 A.
285 3005 334 3090 C.
352 3001 463 3113 epod
480 3000 746 3087 Hildefienies
774 3001 983 3090 summum
1004 3007 1266 3117 Superatteo·

200 3122 370 3209 dentem
386 3115 596 3218 Clodium,
607 3119 743 3201 virum
767 3117 809 3204 &
834 3114 1063 3203 dofihtm&
1091 3119 1265 3219 bonum,

110 3322 115 3341 ,
173 3244 291 3324 ¹ooo
314 3257 471 3317 tentum
499 3230 693 3316 omnibus
719 3233 826 3313 votis
856 3257 973 3317 meos
1004 3238 1046 3318 in
1080 3230 1269 3317 Flaviana

202 3349 364 3460 scripto,
394 3368 502 3455 quos
527 3342 688 3430 dudum
706 3343 986 3453 promiseram,
1016 3371 1268 3431 commentae

202 3470 286 3551 rios
304 3454 552 3571 exspeEitte:
584 3455 807 3558 sedetiam,
838 3459 990 3571 fiopus
1007 3456 1134 3562 foret,
1173 3484 1268 3571 ope·

97 3658 111 3687 ,.
201 3581 259 3665 ris
283 3575 580 3675 redemtorem,
630 3575 703 3685 qui
734 3568 812 3656 suis
843 3574 1033 3682 impeofrs
1058 3579 1099 3660 in
1127 3573 1269 3661 lucem

201 3690 423 3791 emitteret,
453 3692 565 3773 omni
583 3713 681 3791 cura
700 3688 1041 3798 conquisitorum.
1101 3687 1164 3773 De
1183 3714 1268 3777 tene

200 3829 240 3891 ta
258 3806 332 3891 viri
350 3803 515 3912 optimi,
541 3805 581 3887 in
600 3800 814 3895 hominem
841 3801 912 3889 fibi
930 3807 1121 3917 ignotum
1143 3804 1269 3889 bene«

118 3958 126 3969 ¹
194 3919 396 4021 volentia,
430 3916 565 4043 postet
596 3919 748 4005 certior
777 3912 940 4020 festor,
972 3942 1069 4013 oon,
1089 3912 1269 4029 potuiffe
1303 4006 1305 4011 .

1073 4054 1206 4147 quam
