2784 4625
186 325 272 393 ux·
623 238 1027 355 *²¹*

185 469 325 594 parata
350 459 559 556 desilitalse
584 465 786 560 videatur.
848 464 954 562 Tale
979 465 1037 559 etl
1061 463 1263 568 molendi·

186 616 294 679 num
318 586 465 672 chattae
487 583 676 697 -parandae
703 585 816 672 baud
838 579 976 701 longo
990 590 1043 677 ab
1070 592 1172 677 urbe
1192 617 1261 678 ex·

184 700 403 833 drusium.
448 700 642 811 Angusto
666 698 773 785 istud
790 703 847 812 eil
863 706 1019 789 nemori
1038 699 1258 810 inclusuml

180 841 310 927 eujus
329 838 441 927 parte
468 810 603 924 aliqua
619 809 718 898 sons
735 835 850 930 aquae
868 815 910 901 su
967 821 995 903 't
1008 819 1258 933 pellucidae,

185 929 349 1045 largus,
367 924 508 1014 musco
524 930 682 1013 circum
700 932 883 1015 vestitus.
961 957 1013 1017 uc
1118 955 1259 1022 exem*

187 1041 500 1162 plumaliquod
523 1040 618 1126 audi
649 1067 710 1110 ···‘·
748 1043 816 1129 Te
840 1045 1096 1132 ambulatum
1128 1049 1256 1135 dedo

88 1227 93 1240 ,
190 1160 452 1268 contumel,
486 1153 582 1238 nibil
612 1155 696 1240 tale·
712 1162 992 1269 operientem:
1028 1164 1256 1249 monstrant

187 1270 380 1366 sontemt.
401 1270 454 1355 Et
471 1297 564 1356 ecee
583 1268 804 1382 adipsum,
835 1299 922 1386 quo
948 1291 971 1358 e
997 1295 1101 1360 terra
1128 1275 1255 1363 scatu-

188 1393 265 1492 rit,
316 1382 440 1472 fontis
467 1385 636 1477 ollium,
680 1384 716 1469 la
750 1385 860 1472 idem
892 1388 1255 1500 quadratum-bae

85 1549 94 1563 ·
187 1500 382 1613 scriptura
403 1498 661 1611 indgnitum:
723 1495 1113 1615 onsamicitiaefitter.
1160 1502 1255 1591 Cir⁴
1290 1495 1302 1507 ”

188 1614 435 1727 cumspieis?
481 1611 727 1698 Videsserta
744 1614 897 1700 florum
915 1616 1101 1721 arbores,
1133 1624 1255 1732 queis

186 1726 283 1819 fons
312 1725 612 1843 circumdatur,
650 1730 874 1815 arboribus
899 1729 1108 1818 nestorea
1137 1733 1254 1820 vides

185 1846 369 1959 pendere
403 1866 455 1926 ex
486 1839 716 1929 arboribus·
734 1844 1007 1946 ‘anathemata5
1042 1862 1151 1932 uota·
1176 1865 1255 1956 pro

187 1983 259 2046 tua
286 1958 594 2059 incolumitate,
625 1958 668 2044 u
687 1962 862 2064 earmina
881 1956 1168 2069 mnemosyna:
1186 1963 1252 2069 ju·

187 2073 298 2161 betis
314 2069 395 2181 „sub
423 2072 571 2155 umbra
595 2071 752 2178 alboris
779 2072 1009 2160 confidere?
1037 2074 1253 2161 miraberis

187 2210 343 2273 nomen
369 2211 488 2278 tuum
516 2181 654 2270 cottidi
678 2182 862 2271 incisum.
923 2187 1130 2299 Reliquas
1162 2190 1251 2275 talis

154 2299 402 2414 'spellaculi
426 2297 561 2387 scenas
590 2296 673 2411 ipse
707 2299 780 2386 tibi
811 2302 1075 2413 imaginando
1107 2293 1252 2416 reprael

186 2418 374 2504 sentabis.
434 2413 606 2523 Cogita,
633 2418 674 2496 in
700 2439 808 2523 quos
833 2411 1003 2502 effeetus
1020 2416 1068 2503 fis
1084 2445 1253 2528 eruptu-

185 2557 278 2632 rus,
309 2556 407 2613 cum
433 2527 594 2613 senseris
610 2529 667 2612 ab
685 2531 847 2614 Amicis
873 2528 1142 2632 talihonore,
1182 2532 1251 2617 tali

181 2638 570 2732 laentnaffeetumt
596 2642 639 2726 δι
663 2666 771 2754 quos
787 2646 1096 2754 teciprocaturi,¹
1123 2673 1251 2754 quan

185 2781 277 2847 tum
310 2757 478 2844 laetatur‘i
510 2756 584 2840 sint
614 2754 756 2840 talium
787 2755 1032 2869 gaudiorum
1062 2759 1252 2863 artifices,

175 2878 283 2959 'cum
306 2871 517 2957 tambene
540 2869 610 2953 fibi
627 2866 842 2956 successisse
857 2868 1035 2957 viderint
1051 2899 1157 2985 opus
1177 2871 1252 2959 sos·

184 3010 385 3098 ceptum3
429 3010 526 3070 eum
549 2981 747 3084 viderint,
786 2984 944 3071 lubenti
969 2987 1086 3073 illum
1112 2992 1251 3073 animo

112 3168 115 3174 ·
184 3096 379 3210 accepisse
401 3097 565 3210 gaudia,
596 3099 663 3184 eui
686 3093 851 3185 fuerant
868 3123 1012 3209 parata.
1071 3101 1250 3186 Proemi·

181 3242 258 3306 um
289 3217 400 3300 enim
432 3209 774 3296 benevalentibus
813 3216 1020 3323 primum,
1050 3215 1093 3301 ez
1123 3217 1249 3300 maxi·

181 3338 303 3421 inum
329 3327 406 3427 est,
445 3352 493 3409 ut
519 3326 810 3409 benevolentes
829 3322 1018 3440 agnosci‚·
1062 3328 1105 3413 81
1125 3333 1169 3414 in
1192 3331 1250 3414 vi·

182 3471 275 3641 tegi
304 3441 486 3552 recipere
513 3436 621 3553 dgna
645 3436 813 3526 indubia
836 3444 1030 3545 amicitia,
1061 3441 1248 3555 &grati

182 3582 230 3646 tu
262 3580 356 3641 ants.
569 3643 573 3651 ,
736 3617 738 3621 -

294 3667 408 3754 Alias
426 3666 493 3754 Te
510 3663 632 3780 paulo
647 3665 836 3780 longius,
854 3662 996 3756 eadem
1015 3691 1149 3755 tamen
1168 3669 1246 3770 vla,

178 3789 221 3874 in
239 3782 379 3869 locum
397 3778 579 3886 ducunt,
595 3784 661 3867 eui
681 3796 882 3895 aquarum
901 3811 924 3866 e
942 3805 1083 3871 monte
1101 3785 1249 3870 leniter

172 3896 533 3999 descendentium,
575 3896 619 3987 81
642 3900 753 3986 varia
779 3896 1017 3995 molendina
1032 3901 1249 4015 agentium

1069 4037 1193 4127 eopia
