2784 4625
583 316 1219 402 ἘΞ-ειη

156 481 271 575 sensu
289 478 806 595 incommunisgentilitiat,
822 505 950 594 quam
965 478 1031 571 illa
1047 478 1133 570 dies
1150 481 1219 572 ad·

157 601 328 700 tulerat,
356 598 501 684 latitia
521 597 852 706 partemvenire.
1019 651 1023 658 -
1133 649 1137 662 ·

271 706 1219 822 Illaenimipsodie,decimaseptimaseptembtlo

156 828 331 918 labentis
349 830 456 927 anni,
476 824 907 937 gentislloeltmerianae
917 821 1047 931 Pater,
1069 834 1243 940 viropa

157 949 306 1045 timus,
335 944 448 1025 annis
470 942 514 1026 &
540 941 695 1024 metitis
713 943 875 1052 gravis,
911 939 1073 1027 illustris
1088 946 1223 1055 fieor'·

156 1064 251 1173 gius
272 1053 440 1141 Ludov.
457 1054 713 1165 lloehmerus‚
735 1058 917 1138 muneris
934 1054 1151 1142 academici
1169 1056 1223 1145 sa·

159 1198 279 1257 ctum
313 1166 584 1254 semiseculare
608 1167 833 1279 Goettin'gae
856 1167 1030 1282 agebat:
1074 1171 1224 1261 Omnis

161 1286 347 1397 Georgia
371 1284 558 1395 Augusta
581 1307 674 1393 quaa
701 1280 923 1393 Goettingae
947 1286 1025 1385 est,
1069 1290 1226 1371 Acade·-

160 1404 256 1501 mia,
279 1396 559 1483 venerabili&
586 1400 743 1507 optime
760 1401 914 1504 metito
928 1396 1007 1483 seni
1025 1399 1130 1486 hanc
1147 1400 1227 1488 sot·

163 1538 248 1614 tem
273 1538 405 1599 raram
429 1512 471 1599 δι
496 1510 676 1609 beatam,
715 1507 882 1621 publico
908 1539 1065 1627 magna
1080 1513 1227 1604 laetitiae
1259 1567 1261 1570 -

162 1626 437 1728 testificatione
455 1626 512 1712 est
536 1621 755 1736 gratulata,
792 1650 916 1738 atque
939 1626 1227 1733 domesticum,
1254 1677 1270 1726 ῃ

163 1741 282 1857 quod
314 1739 371 1825 sui
394 1738 632 1827 eumdomi
657 1764 895 1849 paraverant
923 1735 1093 1845 festum,
1139 1771 1228 1859 quo

164 1856 315 1963 majori
339 1854 458 1941 fieret
478 1880 575 1939 cum
599 1879 771 1964 pompa,
799 1852 919 1941 suum
936 1851 1054 1960 fecit,
1084 1885 1231 1965 cumu-

164 1970 351 2082 lavitque
368 1996 466 2058 cum
491 1966 571 2077 ipsa
592 1968 774 2053 natalitiae
799 1968 877 2054 diei
901 1968 979 2055 suae
994 1966 1231 2085 festivitate3

165 2112 292 2200 quam
310 2084 478 2169 vicissim
495 2085 535 2166 in
561 2080 833 2178 Boehmeriani
854 2088 1030 2173 nominis
1053 2081 1232 2202 festique

166 2200 374 2292 honorem
407 2199 450 2283 8<
479 2221 773 2307 augmentum,
816 2197 949 2308 multo
977 2227 1103 2318 quam
1136 2204 1233 2292 alias

168 2312 485 2430 splendidiorem
509 2308 585 2396 else
602 2311 754 2401 voluit!
1194 2390 1196 2395 .
1222 2348 1229 2399 z

289 2429 382 2514 Hoc
393 2425 771 2538 egoBoehmerianae
790 2429 924 2540 gentis
940 2420 1104 2532 festum,
1122 2429 1235 2545 quali

170 2538 379 2633 familiaris
397 2546 503 2627 inter
519 2539 635 2640 filios,
657 2540 770 2641 filias,
795 2564 981 2652 nepotes,
999 2543 1236 2661 consangul·

170 2682 274 2745 neos
291 2655 517 2766 affinesque
535 2653 874 2753 senisvenerandi,'
885 2655 1236 2773 Hannovetaeegi,

171 2772 303 2859 latina
321 2769 491 2883 quidem
511 2770 671 2874 minusi,
702 2794 828 2880 quam
848 2767 1068 2888 Goettingae
1088 2771 1238 2879 fuerat,¹
1288 2764 1293 2777 “

174 2884 357 2985 clamosa,
386 2885 622 2969 hoc'tamen
639 2881 802 2990 majori,
831 2909 920 2994 quo.
935 2884 987 2970 fic
1004 2892 1133 3007 magis
1152 2887 1237 2978 sen·

177 3005 256 3087 tire
277 3026 374 3084 cum
388 2996 542 3108 jndicio
563 3019 766 3108 poteram,
795 3023 864 3084 me
881 2997 1016 3086 laetari.

261 3115 263 3119 ’
293 3119 404 3202 Ante
434 3137 589 3224 paucos
614 3111 666 3196 ab
698 3111 794 3197 hinc
825 3136 955 3197 annos
989 3113 1242 3209 Hannovera

177 3231 298 3315 etiam
410 3253 462 3311 ne
483 3223 756 3337 Metropolim
777 3248 897 3336 putes
920 3230 964 3310 in
989 3226 1108 3313 hoca
1126 3228 1242 3316 Goet·

181 3339 348 3457 tingensi
366 3342 595 3450 municipio
613 3343 718 3425 vinci
819 3345 959 3452 quanti
977 3341 1244 3433 Boehmerum

180 3456 231 3544 de
257 3481 339 3541 tota
365 3461 509 3565 patria,
541 3451 985 3568 omniqueGetmania
1008 3460 1247 3544 immortali·

180 3574 457 3657 termentum
474 3570 660 3669 aestimet,
689 3594 775 3653 non
800 3566 958 3680 vulgari
981 3568 1246 3678 solemnitate,

181 3709 278 3772 utut
304 3711 451 3795 parum
481 3681 667 3791 publica,
696 3682 753 3766 est
776 3685 924 3769 testata.
1002 3685 1248 3776 Praesentem

183 3804 295 3885 enim
317 3823 437 3898 tunc,
467 3821 549 3907 qua
574 3796 707 3882 nescio
734 3793 942 3898 de‘cau'le,
986 3799 1248 3889 Hannoverae

187 3917 330 4005 invitat
356 3909 426 3997 suo
449 3909 491 3998 8<
512 3913 638 3999 totins
657 3908 835 4023 Collegii
859 3916 1029 4031 nomine
1047 3912 1252 4026 Discolor,

1147 4052 1196 4123 ut
