2784 4625
585 269 789 373 ὤμ’
832 393 835 401 „
1143 343 1218 428 ,σᾳ

146 490 320 584 carceris
337 507 493 602 partes,
520 484 676 580 lumina
690 481 1213 595 distribuit-dexteritatem

150 609 221 698 sus
245 603 326 692 e'xi.
479 663 486 670 -
633 680 637 685 .

214 635 242 723 p
266 715 424 820 Deinde
450 713 615 804 Christo
645 713 839 812 condolui
863 720 905 804 in
922 716 1087 812 Oliveto
1102 722 1219 832 laboq

145 838 264 926 raoti.
312 829 864 945 JacobusaponteBaffano
886 838 1213 944 mireartehane

145 948 257 1046 mibi·
290 949 431 1058 magni
464 949 665 1031 momenti
704 944 860 1033 scenam
900 948 1228 1060 repraesentatum*

146 1068 336 1154 Demutn
360 1060 600 1148 Abrahamo
626 1062 669 1148 δι
693 1059 824 1146 Isaaco
848 1065 892 1147 in
916 1065 1210 1177 gratitudinem

145 1200 286 1280 tanto,
316 1200 363 1261 ut
376 1200 517 1287 parem
535 1200 619 1258 non
635 1171 822 1280 viderint,
852 1175 1060 1290 religionis
1079 1177 1210 1285 sensu,

147 1321 245 1409 erga
264 1290 471 1377 summum
490 1288 535 1375 N
539 1313 679 1388 umen,
705 1289 821 1402 quod
839 1289 943 1376 Patri
959 1292 1101 1397 filium,
1126 1296 1214 1388 filio.

147 1416 274 1494 vitam
299 1401 538 1506 reddiderit,
568 1396 731 1506 effusis,
760 1431 828 1487 me
852 1401 1007 1498 socium
1029 1406 1213 1518 adjunxi,

148 1523 381 1633 miseuique
404 1544 553 1629 magna
570 1514 803 1627 sympathiae
821 1521 861 1601 vi
877 1518 1048 1625 troitus,
1078 1526 1122 1612 dr
1145 1553 1215 1614 ve·.

145 1636 206 1724 lut
222 1636 318 1720 loco
333 1630 498 1733 affixus,
530 1632 573 1716 dr
593 1655 759 1738 preces,
791 1633 1147 1745 &gratitudinem
1167 1642 1213 1732 ὃς

148 1748 317 1865 gaudia,
339 1748 382 1834 ἃ
397 1771 506 1835 vota.
566 1741 717 1831 Pteron
739 1745 921 1859 joannes
939 1748 1118 1840 Lievens
1141 1782 1212 1844 nu·

148 1891 248 1953 men
270 1864 341 1947 est.
676 1954 679 1961 ,
1017 1863 1020 1871 ’
1211 1945 1214 1952 .

264 1976 332 2061 Ne
357 1971 475 2087 plura
498 1969 649 2066 dicam,
689 1975 824 2059 otium
848 1972 951 2060 mihi
974 1972 1095 2081 fecit,
1139 1984 1214 2094 qui

150 2090 253 2175 dum
271 2094 450 2185 viveret,
481 2085 578 2172 huie
605 2084 794 2178 thesauro
819 2091 954 2176 custos
979 2091 1214 2203 praefuerat,

146 2205 229 2293 Ch.
255 2201 396 2289 Nicol.
413 2199 619 2287 Eberlein.
679 2200 861 2288 lndicem
887 2204 953 2290 ille
979 2213 1087 2319 typis
1111 2207 1214 2295 Bru·

147 2316 450 2413 nosuicensrbus
474 2314 603 2415 dedit,
655 2312 817 2404 ducem.
840 2319 926 2426 ejus
959 2329 1015 2405 rei
1046 2321 1214 2409 curiosis

148 2457 346 2546 tanquam
373 2454 447 2553 per
481 2451 542 2515 tot
567 2431 682 2525 Artis
707 2454 978 2533 monumenta
1001 2434 1212 2523 ambulen·

150 2545 487 2643 tibusfuturum.

269 2660 411 2745 Locus
443 2663 579 2742 minus
609 2654 775 2742 videtur
805 2657 1067 2747 custodiendo
1099 2684 1214 2748 trnto

146 2773 340 2864 thesauro
355 2772 543 2874 idoneus,
563 2795 643 2855 tam
661 2772 777 2884 quod
792 2772 917 2883 paulo
933 2775 1215 2869 humidiorem
1235 2792 1237 2797 ’

146 2887 335 2988 credam,
365 2913 490 3000 quam
514 2883 681 2996 pietonis
699 2891 926 2982 conveniat,
955 2878 1215 3003 quamquod
1256 2980 1259 2987 ,

146 3002 276 3116 paulo
298 3003 464 3114 longi-us
482 2999 532 3084 ab
549 2997 652 3082 urbe
671 2998 783 3086 absit.
845 3002 911 3087 Sic
928 3006 1040 3090 enim
1058 3007 1129 3116 qui
1155 3006 1214 3113 pi·
1253 3070 1256 3077 ,

147 3115 286 3202 {iuras
303 3138 450 3214 amant,
469 3116 605 3197 minus
623 3110 788 3222 possunt
806 3118 923 3199 tantis
942 3114 1091 3204 deliciis
1108 3115 1215 3203 fruit
1257 3208 1259 3215 ,

150 3233 226 3343 qui
245 3226 438 3339 veroipfi
467 3231 538 3311 arti
566 3227 801 3315 exercendae
819 3255 981 3331 vacant,
1012 3228 1215 3346 quotidia-

149 3348 214 3429 nis
239 3368 376 3429 carent
400 3340 626 3452 exemplis,
674 3340 745 3425 nifi
774 3341 840 3427 vel
867 3342 1099 3445 sumtuum,
1142 3340 1216 3433 vel

149 3461 366 3570 temporis,
391 3455 457 3540 vel
474 3454 701 3541 domesticae
718 3478 789 3540 aut
806 3456 973 3545 utbanae
990 3457 1217 3544 commodi·

146 3574 242 3657 tatis
257 3570 466 3683 impendio
484 3567 674 3670 nonlevi,
688 3569 814 3653 velint
831 3569 928 3656 illuc
943 3596 1015 3665 aut
1031 3571 1220 3686 quotidie

145 3685 258 3771 urbe
284 3710 527 3785 excurrere,
550 3686 636 3767 'aut
664 3705 737 3794 per
761 3706 926 3796 tempos
957 3686 1124 3800 aliquod
1145 3712 1220 3797 ve.-l

147 3798 214 3885 lut
231 3800 377 3911 procul
393 3801 444 3887 ab
457 3799 677 3882 hominum
694 3805 945 3890 commercio
960 3805 1064 3890 inter
1080 3823 1224 3903 mutas,

150 3912 357 4030 imagines
373 3912 584 4017 ,exulatum
607 3909 809 4053 secedere,
829 3998 859 4017 ,,

1028 3966 1160 4141 spem
1216 3970 1223 4021 ⁵
