2784 4625
175 293 355 407 nerm'
469 286 472 291 ¹
598 305 808 360 'm

230 541 236 548 -
300 474 403 564 Haee
415 467 471 562 de
485 472 703 566 nominum
722 468 885 587 oppidis¹
907 475 1106 590 pagisque
1126 474 1242 591 apri
1278 551 1280 562 .

173 592 263 683 ,mis
292 587 456 678 diversa
487 589 656 703 originis
689 588 846 674 colonis
868 591 1155 698 impositorum
1188 591 1276 679 dus

181 703 368 796 verfitate
385 728 464 807 me,
479 727 577 788 cum
593 702 875 815 perpendenti,
893 703 965 788 alia
981 707 1173 815 cogitatio
1186 708 1243 794 est
1267 809 1271 822 ι

182 843 275 907 nata
288 847 305 905 z.
330 816 523 904 Liceatne
545 818 587 900 in
609 817 700 927 ipsis
717 842 943 928 corporum
964 818 1240 930 exterioribus

182 931 353 1028 formis,
380 932 641 1044 ingeniisque
661 932 703 1018 uz
723 934 868 1017 animis
892 930 1071 1043 aliquam
1097 936 1239 1042 primae
1262 1003 1265 1010 .

185 1050 352 1162 originis
377 1052 576 1130 rationem
600 1045 802 1145 invenire,-
827 1048 870 1130 ἃ
887 1048 927 1156 in
952 1044 1158 1131 hodiernis
1183 1044 1239 1130 di·

182 1160 397 1250 versorum
435 1154 684 1267 oppidorum
715 1157 1033 1263 habitatoribus,
1075 1162 1236 1269 primos

177 1266 727 1363 conditorestadhuenoffe?
881 1343 885 1352 .

117 1465 120 1478 ,
176 1457 180 1466 ,
227 1485 230 1490 4
301 1386 408 1473 Mihi
431 1382 698 1499 quidemsnec
717 1384 1237 1496 tantum-temporis&ntii,

179 1530 261 1596 nec
277 1499 519 1588 dexteritatis
542 1500 585 1587 dr
609 1494 777 1584 solertia
800 1524 960 1586 tantum
987 1494 1086 1603 fuit,
1125 1523 1172 1584 ut
1195 1504 1237 1588 in

174 1618 287 1716 ¹hauc
311 1640 481 1727 quoque
506 1610 797 1715 diverfitatem,
846 1604 975 1727 qualis
1004 1636 1237 1725 quantaque

179 1727 252 1833 fit,
282 1753 493 1842 quamque
524 1725 848 1838 cognitufaeilis
874 1728 939 1829 fit,
965 1729 1029 1815 v&
1055 1728 1238 1843 intelligi,

177 1866 289 1932 eerta
322 1869 374 1926 ue
389 1841 440 1927 ab
458 1843 613 1952 origine
628 1846 755 1951 repeti
781 1842 935 1953 poffitt
970 1843 1260 1953 inquirerem..

343 1982 443 2041 num
467 1954 678 2039 observare
694 1955 825 2041 licuit:
854 1954 1032 2055 SclavoS,
1055 1953 1124 2040 ubi
1139 1958 1237 2067 puri

145 2065 150 2086 ¹
178 2067 507 2168 ⁵necSavonibus
529 2063 721 2180 permixti
748 2068 949 2170 habitant,
976 2067 1237 2156 multum'di·

181 2185 284 2272 stare
306 2181 359 2269 ab
383 2184 544 2296 egregia
570 2182 782 2270 Saxonum
805 2181 1067 2294 aboriginum
1089 2180 1238 2289 forma,

102 2406 106 2414 Ι
180 2294 555 2403 multumavultus
573 2299 984 2409 corporisquetotius
1002 2294 1156 2383 habitu.

300 2409 525 2499 Discrimen
544 2409 649 2497 istud
667 2414 739 2521 vix
764 2410 887 2498 eredo
905 2409 1000 2496 alibi
1024 2407 1139 2519 polle
1152 2436 1249 2498 mas

183 2521 364 2612 nifestius
382 2523 459 2637 elle
483 2526 525 2611 sc
541 2523 810 2635 spellatorum
833 2523 975 2611 oculos
997 2528 1125 2609 acrius
1143 2521 1237 2618 feri·

181 2666 241 2741 re,
262 2664 388 2751 quam
408 2641 446 2721 in
459 2635 715 2731 Sabinorum,
741 2663 833 2750 quae
852 2638 963 2723 Halae
983 2636 1237 2743 Magdebur·
1273 2724 1275 2729 ,

176 2836 179 2843 ,
213 2757 282 2837 icae
301 2748 434 2838 fontes
453 2749 537 2836 salis
561 2749 670 2853 colit,
691 2777 815 2864 parva
832 2749 1001 2863 quidem
1019 2732 1152 2837 adhue
1168 2777 1250 2838 co·.

178 2781 303 2954 foma.
340 2865 432 2978 Ego
459 2864 647 2977 quidem²
671 2893 766 2952 cum
793 2865 1072 2978 pulchriores,
1106 2879 1236 2978 quarn

101 3049 104 3057 ,
178 3004 359 3093 usquam
383 2977 476 3065 alibi
502 3004 726 3090 corporum
744 2975 919 3080 formas,
948 3008 994 3064 ac
1017 2979 1236 3092 elegantio-

156 3121 269 3195 rem
294 3092 598 3179 vestiendorum
627 3119 851 3204 corporum
878 3091 1079 3193 modum5
1122 3089 1234 3204 apud
1278 3130 1280 3141 <

173 3209 360 3298 Saxones
380 3203 589 3303 Hallenses
613 3202 895 3293 meinveniffe
914 3233 1045 3316 ratus,
1074 3207 1233 3316 diuque

177 3322 363 3421 miratus,
377 3320 540 3407 tandem
556 3319 606 3407 ed
623 3319 757 3405 salinas
776 3319 956 3405 visendas
972 3319 1173 3421 descendi,
1189 3324 1233 3407 in

177 3459 329 3520 noram
356 3433 581 3535 Selandiam
601 3433 823 3521 translatus
857 3436 956 3518 mihi
985 3432 1070 3517 sum
1102 3432 1232 3520 visust

175 3546 278 3633 adeo
289 3572 449 3745 garum
477 3548 519 3635 dr
543 3545 622 3660 ipse
637 3548 820 3651 locusab
839 3547 943 3631 illius
963 3574 1074 3632 terrae
1092 3547 1234 3633 barba·

175 3663 259 3760 rie,
355 3683 454 3746 tetra
477 3658 578 3749 facie
603 3657 740 3771 distet3
771 3662 813 3747 8<
833 3666 905 3774 qui
925 3660 1052 3745 salinis
1072 3685 1229 3765 vacant,

167 3770 355 3861 illiberali
377 3795 424 3860 ut
446 3777 671 3888 plurimum
688 3777 808 3862 vultu
827 3776 878 3863 ab.
902 3775 983 3886 ipsa
999 3799 1145 3861 natura
1170 3774 1229 3859 di·

171 3884 323 3996 ninid,
361 3887 591 3995 seminudo,
635 3916 682 3978 ac
706 3887 865 3980 sordido
887 3916 1079 4004 corpore,
1115 3885 1230 4090 hlaud

226 4057 230 4065 .
768 4043 770 4047 ¹
1062 4030 1137 4093 mu
1153 4045 1169 4070 ι
