2784 4625
536 317 738 381 ΞΕ*
1098 343 1164 410 mr

151 485 180 585 ri
197 494 280 584 elia
298 497 442 585 Colixti
459 492 687 611 quiescunt,
716 493 962 600 secedamus,
991 517 1161 591 roncor-

158 617 300 699 animo
318 614 550 721 repetituri,
580 633 704 721 utque
718 613 794 722 ‘piis
813 614 892 695 viri
908 616 1055 725 optimi
1069 617 1161 705 Ma·

151 751 226 813 rus
250 724 530 823 inclameturi,
575 720 836 837 subscriptam
861 729 1027 840 imagini
1054 731 1159 840 ejus,

163 838 372 952 epitaphio
401 833 555 922 affabre
583 835 811 941 elaborato,
840 840 1044 949 appense,
1083 872 1173 935 nec‘·

153 979 279 1068 quam
309 950 405 1035 alibi
435 952 568 1064 aptius
599 948 953 1042 adcommodatum
977 981 1161 1072 gnomen

153 1067 401 1183 angelicam:
462 1135 464 1140 .

428 1173 567 1263 Beati
603 1169 841 1288 pacifici!
929 1173 953 1232 ·'

217 1406 390 1521 Reliqua
412 1403 537 1491 causae
562 1423 794 1506 momenta,
822 1433 915 1517 quae
939 1410 1077 1494 o'mnin
1103 1433 1166 1492 re·¹

151 1522 286 1624 nsere,
332 1521 498 1633 longius
524 1515 652 1620 foret,
698 1520 857 1603 interim
891 1548 942 1606 ex
984 1519 1163 1609 walehio

151 1665 222 1740 es,
262 1636 313 1720 de
336 1634 417 1721 hoe
441 1634 485 1721 81
509 1631 596 1718 eliis
616 1634 724 1715 inter
748 1632 1013 1720 Luthernnos·
1035 1640 1162 1722 motis

154 1747 389 1837 ntroversris
406 1744 579 1832 fideliter
604 1745 824 1857 &copiose
843 1744 1067 1859 referente3
1093 1750 1163 1835 nifi

151 1864 330 1951 msultius
351 1887 517 1948 mecum
543 1859 706 1960 credas,
736 1860 973 1948 Henckium
1000 1887 1164 1978 rogare,

151 2013 171 2080 f,
200 1979 250 2063 ad
267 1975 382 2091 quod
400 1999 524 2059 nemo
549 1974 586 2055 se
603 1975 659 2057 est
681 1978 833 2085 aptior,
873 1979 915 2063 in
932 1973 969 2061 se
992 1973 1165 2063 conscri-

151 2092 249 2177 :ndae
267 2092 340 2176 suo
357 2088 504 2190 modo,
538 2087 717 2187 hocest,
755 2092 870 2203 gravi
894 2085 1174 2206 jucundoque

176 2207 373 2291 omnibus
399 2203 580 2317 numeris
604 2200 812 2305 absoluto,
850 2206 1017 2313 integrae
1041 2202 1166 2291 censer

151 2320 323 2404 alixtinae
340 2319 556 2431 negotium
574 2313 770 2421 suscipiat.
828 2316 908 2399 Nae
922 2318 988 2399 ille
1006 2316 1178 2427 praecln'

151 2469 154 2510 =
180 2433 411 2533 Crinitum,
448 2427 566 2539 cujus
590 2426 674 2541 ipse
700 2450 783 2513 tam
806 2423 980 2515 feliciter
1001 2432 1169 2543 vestigia

151 2553 270 2642 emit,
293 2545 412 2634 nobis
430 2541 640 2657 depiiium
659 2541 828 2630 daturus
847 2543 1062 2646 esti-Qum
1082 2545 1166 2660 ipse

151 2662 286 2772 ljusta
304 2661 467 2748 Calixto
486 2654 793 2772 persoluturum
824 2658 866 2747 ἃ
889 2656 1169 2764 nihilominus,

151 2804 191 2861 ra
209 2778 267 2862 est
282 2773 494 2874 modestia,
524 2772 566 2857 81
581 2770 836 2888 indulgentie
853 2770 1081 2859 adversario
1094 2775 1169 2861 Ca·

154 2895 226 2976 vio
244 2885 500 3003 parciturus?
558 2885 695 2985 Quam
711 2885 795 2998 ipse
809 2887 1005 2999 benigne,
1035 2889 1077 2975 &
1094 2887 1169 2975 hu·¹

151 3032 259 3106 nne,
290 3001 524 3089 vehementi
542 2999 892 3103 hominisanimo,
921 3004 1180 3100 institutioni?

151 3119 202 3204 :lo
227 3144 307 3228 pro
328 3142 393 3217 re,
429 3137 478 3199 ut
495 3112 565 3199 fibi
587 3112 694 3200 visus
718 3115 793 3215 est,
825 3113 901 3201 Dei
927 3115 970 3201 ἃ
985 3116 1172 3201 veritatis

151 3233 291 3334 enda,
320 3256 396 3342 pro
413 3254 608 3330 munere,
632 3231 871 3342 pugnantis,
899 3227 1179 3335 adscripturus·

151 3311 188 3447 l,
220 3345 337 3458 quod
354 3369 431 3456 pro
448 3343 571 3431 nostri
594 3346 790 3452 temporis
814 3342 927 3443 luce,
956 3337 1071 3449 quod
1093 3368 1173 3456 pro

151 3465 235 3546 rimi
255 3458 312 3544 sui
330 3459 534 3557 bonitate,
561 3455 679 3570 quod
693 3482 773 3569 pro
789 3453 872 3543 ‘suo
887 3455 1076 3568 ingenio,
1106 3455 1175 3545 sue

152 3578 297 3675 ientie,
348 3572 391 3657 81
433 3568 653 3682 prudentia
699 3570 938 3683 nequiverit·
968 3569 1177 3681 probare?

151 3714 258 3791 {uem
271 3684 528 3799 ipleeilurus
546 3679 642 3766 eilet
656 3706 764 3793 opus
781 3688 945 3793 gratum
963 3685 1183 3785 omnibns,-

151 3804 272 3891 uibus
290 3796 460 3886 entrecii
478 3797 698 3907 temporis,
730 3794 935 3909 bellorum
954 3795 1180 3910 praesertim‘

151 3943 224 4012 iter
239 3915 485 4027 Theologos
505 3911 714 4037 gestorum
730 3915 939 4021 memoria,
961 3907 1190 4114 velkquotl'

628 4051 701 4134 c5
791 4106 794 4111 ⁴
1012 4047 1142 4143 iem

526 4374 613 4396 ..an
737 4362 878 4396 ,ιι-
