2784 4625
332 367 335 372 ,
405 312 449 368 nr
476 277 721 369 cornurcrcuurc¹
742 290 909 371 O'tunrr.
1166 298 1212 395 ξ’·

205 470 325 531 graeco,
347 454 398 517 nist
418 456 501 533 quod
519 453 616 514 audiat
633 472 734 514 namra
751 451 874 516 Domini
887 440 943 530 pro
957 452 1057 522 audite
1073 456 1188 522 uariata

205 538 344 609 Domini,
368 541 448 612 quod
467 538 712 610 interrumpunt
725 538 934 623 Mencafirtb.
990 621 997 636 .

140 634 198 712 iri.
228 642 318 716 Non
332 639 561 733 possuntnon
580 639 649 715 esse
667 642 805 717 fratres.

161 742 298 805 Eundem
321 742 383 802 scil.
408 741 599 817 agnoscentes
620 744 717 801 Deum
741 756 872 826 patrem,
899 744 1022 809 eandem
1040 744 1185 810 habentes

204 826 314 893 idern,
336 826 443 885 eodem
459 826 629 899 baptismate
643 828 820 900 regenerati.
844 826 1019 891 ltaduPin.
1052 830 1132 903 Vel,
1152 847 1187 893 ut

201 912 269 970 vuit
284 907 364 967 Mar.
378 906 516 988 Cosani„
538 913 605 982 quia
623 926 683 968 non
699 909 816 981 possunt
831 927 891 972 non
907 912 965 973 'esse
979 914 1133 990 baptizati,
1152 917 1184 974 in

202 991 288 1067 cujus
303 996 388 1067 aquia
405 1006 540 1067 tanquam
556 997 586 1053 in
599 1009 686 1054 utero
702 991 767 1054 sunt
782 996 932 1072 concepti.

141 1114 231 1190 ag.3.
260 1096 333 1191 Qui
351 1093 512 1167 sedentes
533 1092 700 1168 adversus
717 1114 796 1178 nos.

159 1198 204 1257 lta
221 1198 249 1254 in
261 1196 346 1257 MSS.
361 1195 457 1259 s.Tlt.
474 1196 502 1254 s.
512 1195 549 1257 G.
568 1195 597 1257 it
613 1194 683 1253 lin.
707 1194 779 1257 Haec
796 1208 891 1255 autern
906 1194 938 1258 ot
950 1196 1104 1271 sequentia
1117 1199 1183 1268 oei·

200 1280 296 1340 tinent
314 1282 348 1337 ad
365 1277 405 1335 Ps.
418 1279 521 1341 xlix.
537 1289 582 1347 ¹8·
599 1292 645 1351 ¹9·
659 1277 721 1355 seq.
744 1277 776 1340 it
790 1280 974 1352 explicantur
987 1280 1052 1345 fuse
1066 1282 1104 1341 tie
1118 1275 1183 1343 Do·

197 1360 310 1422 narisiis
328 1364 363 1419 ab
380 1361 491 1433 Optato
507 1362 635 1423 Linlv.
1140 1378 1142 1382 ·

140 1462 193 1537 lid.
222 1464 422 1538 detrahunt.
473 1474 476 1480 '
596 1556 598 1560 y

154 1564 186 1624 In
201 1564 266 1625 MS.
285 1567 314 1625 S.
326 1565 363 1627 G.
385 1564 545 1631 deaurati,
566 1560 719 1625 formale.

140 1668 189 1740 lii.
218 1665 291 1764 Qui
308 1665 391 1739 Deo
413 1663 544 1738 furtum
563 1665 661 1739 facit.

155 1769 199 1829 Ita
214 1768 242 1824 in
259 1767 323 1825 MS.
339 1765 368 1825 S.
379 1766 416 1825 G.
439 1762 472 1826 ln
488 1766 571 1830 MSS.
588 1769 618 1829 S.
629 1766 688 1826 Th.
708 1764 963 1847 &P.S.faoiraar,
974 1763 1005 1825 itl
1021 1764 1074 1841 en,
1084 1761 1180 1827 Drrrrn

195 1848 347 1930 leserunt,
368 1862 401 1909 ut
415 1852 481 1909 vult
496 1847 577 1913 Mar.
592 1848 711 1921 Cofitub.

140 1953 213 2026 iirl.¹
224 1972 288 2047 per
301 1952 419 2027 literas
436 1951 497 2023 vel
513 1955 585 2026 hoc
600 1953 735 2027 mundo
748 1954 945 2046 loquamur.

155 2055 227 2119 Hoc
249 2052 309 2119 est,
330 2051 408 2130 loqui
426 2046 562 2131 paffltaaa.
603 2054 716 2112 Phrasrs
731 2053 795 2115 haec
808 2054 962 2128 familiaria
978 2046 1178 2135 eilJCtorurn

192 2136 297 2197 1..-11.
314 2133 341 2211 q.
357 2155 388 2211 4.
412 2136 445 2195 L.
454 2136 481 2195 6.
504 2134 592 2214 omi.
608 2137 647 2196 D.
660 2140 696 2197 de
706 2137 792 2211 indic
812 2177 822 2206 ‚
844 2138 895 2197 ubi
911 2136 1024 2196 damona
1039 2148 1178 2204 reuocaret

174 2236 251 2296 ‚pto
269 2238 403 2282 revocare
419 2218 550 2299 pnffuna,
563 2218 710 2300 fungitur
733 2236 788 2293 pro
802 2218 897 2297 frangi
914 2216 1024 2301 potest,
1047 2217 1078 2279 ot
1100 2218 1175 2287 alia,

194 2319 260 2378 quaa
275 2304 304 2362 in
317 2302 375 2362 LL.
390 2303 535 2377 saepiiimc
553 2317 726 2366 occurrunt.
755 2302 800 2363 De
813 2304 914 2360 eadent
932 2322 964 2366 te
980 2303 1175 2379 conqueritur

196 2388 226 2450 S.
240 2385 434 2460 Augustinus.
475 2389 533 2448 Sed
555 2388 615 2447 hoc
636 2388 789 2459 peculiare
811 2389 851 2446 esi
871 2385 1050 2458 Haereticir,
1069 2386 1174 2460 sugere

194 2471 440 2532 Orthodoxorunr
455 2471 664 2546 colloquium,
686 2471 785 2547 inquit
802 2467 916 2552 Aiiasp.

140 2572 186 2643 ii.
213 2571 261 2644 Et
278 2573 357 2665 quia
372 2570 573 2672 Collegium
589 2570 802 2671 Episcopale
815 2573 944 2652 nolunt
958 2570 1025 2645 &n
1120 2668 1122 2673 Ι

153 2673 322 2748 Collegium
331 2672 507 2752 Episcoqale
522 2674 583 2734 n'on
598 2676 678 2735 aliud
692 2674 750 2747 est,
771 2690 858 2749 quam
872 2672 1090 2744 Enrrconornnjt
1106 2672 1174 2731 tini·

192 2753 296 2821 versut
317 2762 392 2820 ordo
415 2756 445 2820 ἀ
467 2757 611 2822 societas.
634 2759 827 2831 communio,
849 2756 1050 2821 consortium,
1069 2752 1174 2815 irater·

198 2839 275 2901 uitas
292 2837 494 2900 Ecclesiastico
511 2838 538 2898 ir
555 2839 750 2916 Episcopalia.
788 2841 899 2901 onnes
914 2853 983 2900 toto
1000 2839 1074 2898 orbe
1090 2837 1174 2910 Epis·

193 2924 264 2992 coni
280 2921 412 3002 Collega,
435 2922 467 2983 ἀ
489 2928 529 2983 ita
548 2923 577 2982 se
599 2926 670 2984 olim
686 2925 808 2984 viciffim
829 2921 1049 3001 nuncupabant.
1090 2923 1172 2982 Hinc

192 3005 353 3080 aliquando
370 3003 526 3084 Collegium
548 3005 681 3068 absolute
700 3024 757 3081 pto
772 3001 933 3086 Episcopale
946 3003 1117 3085 Collegium,
1139 3003 1172 3068 (t

194 3085 313 3168 Collega
332 3104 387 3156 nro
410 3086 550 3171 Episcopa't
573 3092 692 3163 legitur.
733 3092 777 3150 lta
800 3093 878 3162 aqui
894 3089 1049 3150 Sidonium
1066 3080 1172 3160 nnorr.

190 3170 279 3230 rurba
295 3169 432 3254 collegii,
453 3191 508 3245 pro
524 3187 661 3254 quantum
677 3169 716 3247 est
731 3171 948 3256 Episcoporum,
967 3169 1175 3243 Epist-1.L6.

193 3253 223 3318 δι
241 3256 290 3328 qui
309 3250 429 3340 Collega
444 3256 632 3334 provinciales
647 3258 738 3328 epist.
746 3272 776 3333 5.
790 3256 842 3317 lib.
852 3269 904 3336 7„
924 3271 978 3317 eoa
997 3248 1172 3314 Soatrdatai

188 3338 377 3421 provinciales
398 3342 527 3413 appellat
550 3341 696 3416 epist.o5.
716 3343 736 3407 1.
749 3361 780 3413 4.
803 3339 973 3416 quicunque
990 3334 1171 3410 estntejus·

190 3421 257 3480 dem
281 3425 464 3497 provincie,
487 3421 652 3497 Episcopus
676 3427 859 3500 intelligent.
900 3426 945 3485 lta
959 3417 1174 3500 Maceror.

190 3503 352 3578 Distinguir
367 3519 462 3586 autern
478 3507 529 3566 hic
545 3508 689 3580 Optatua,
711 3521 745 3568 ut
759 3509 826 3569 vult
839 3504 953 3588 Albosp.
969 3521 1034 3589 cunr
1047 3503 1088 3565 aiat
1102 3501 1173 3567 Pia.

163 3588 167 3592 ’
193 3589 273 3650 inter
296 3588 508 3649 fraternitatem
530 3587 561 3650 ot
582 3593 842 3667 communionem,
862 3594 982 3667 aitque,
999 3582 1171 3650 Donatistae

190 3671 274 3741 posia
292 3671 410 3744 quidem
425 3671 472 3748 jua
483 3666 700 3733 commun'ionii
715 3664 824 3735 tilieto
842 3671 873 3733 ot
889 3673 1094 3740 dirimerent
1108 3689 1172 3735 nort
1249 3744 1253 3753 Ι

191 3752 403 3832 fraternitatis,
425 3755 493 3834 quia
512 3758 547 3816 acl
567 3757 628 3817 lroc
643 3754 750 3819 sufficit
766 3762 864 3820 unitae
880 3757 951 3819 fidei
967 3753 1109 3835 &eadem
1121 3766 1173 3817 nai

190 3837 317 3934 unitae,
340 3839 384 3984 arid
393 3838 473 3898 illan
489 3855 564 3903 vero
578 3841 737 3904 necessaria
747 3840 814 3906 sunt
827 3853 951 3908 externa
965 3839 1117 3909 cratinus
1137 3826 1171 3899 oi

190 3932 315 3986 unrtaua
332 3923 363 3984 in
386 3922 455 3986 icia.
726 3930 728 3935 '
898 3940 900 3945 ·

580 4047 739 4138 ‘ot
1015 4024 1229 4148 iii.
