2784 4625
471 353 474 360 .
587 305 790 356 ΞΕ
1095 335 1231 396 vect

148 472 240 560 alias
261 469 396 558 nescio
415 473 510 575 uhi,
539 473 747 560 audieram
771 473 1035 589 legeram·
1055 471 1142 572 hnc
1157 478 1222 567 ad·

151 587 301 700 plicui,
316 613 502 702 ,magnus
527 590 980 676 rerumconuerliones
999 616 1093 686 raro
1116 590 1222 679 subi.

148 698 325 799 tas-elie,
346 700 421 786 'sed
440 701 549 789 lente
566 702 672 790 derit
703 723 863 805 tantum
880 708 1001 790 etiam
1018 703 1101 813 jam
1125 730 1240 796 tum·

148 816 283 926 sapui,
327 843 374 900 ut
394 816 496 901 dum
519 816 569 903 de
596 817 834 903 reuniendis'
859 818 1044 905 Ecclefiis
1063 824 1217 934 agitur,

147 958 234 1020 non
252 953 412 1016 tantum
430 930 482 1015 de
500 957 668 1017 externa
686 937 793 1044 pacis
812 937 1123 1027 communione,
1151 934 1218 1024 sed

148 1049 272 1136 etiam
287 1044 337 1129 de
362 1073 444 1130 una
467 1045 696 1160 eademque
715 1043 911 1162 religione
935 1046 1110 1133 tenenda
1134 1053 1217 1163 agi,

151 1160 255 1244 hanc
273 1184 411 1243 autem
440 1162 635 1246 omnibus
660 1161 902 1246 homini-bus
925 1189 1000 1247 nec
1020 1162 1215 1274 derepen-

148 1295 201 1373 te,
220 1300 295 1359 nec
315 1301 395 1357 una
416 1275 644 1390 eademque
662 1279 874 1373 ratione-u
892 1275 962 1360 nifi
979 1276 1215 1386 hypocritas

145 1386 400 1473 velimus
432 1389 620 1475 insinuari
638 1386 762 1499 polle,
779 1389 910 1499 probe
929 1389 1234 1508 intelligerem'j·
1253 1406 1260 1426 ·

266 1501 405 1598 Postea
428 1527 474 1588 ut
492 1509 673 1613 primurn
692 1503 932 1615 theologicae
950 1503 1147 1589 cathedrae
1164 1502 1215 1598 sa,-

147 1640 215 1700 cra
241 1614 446 1729 dogmata
459 1621 846 1733 interpretaturum.-
867 1615 954 1701 sum
972 1617 1229 1728 adplicatum.

147 1728 249 1813 nihil
274 1735 410 1839 potius
437 1731 581 1832 habui,
626 1759 753 1844 quam
777 1755 824 1817 ut
850 1735 938 1815 voti
957 1730 1060 1838 olim
1087 1732 1213 1820 emilii

145 1869 334 1946 memor,
375 1843 424 1930 ad
446 1846 545 1932 illud
563 1849 636 1930 rite
658 1845 903 1931 solvendum
921 1872 989 1930 me
1012 1872 1212 1956 pararem.
1239 1920 1242 1927 .

145 1960 260 2044 Ante
289 1963 426 2043 omnia
448 1964 587 2073 igitur,
618 1959 722 2073 quid
746 1960 979 2073 Theologia
1004 1958 1085 2069 ipsa
1140 1958 1213 2047 uid

146 2072 232 2179 ejus
244 2069 558 2171 Professoresad
570 2076 751 2161 Schisma
768 2074 844 2159 tale
861 1987 1211 2160 introducenlum

142 2184 341 2274 iecerint?
380 2188 564 2300 quidque
589 2190 757 2274 vicissim
782 2190 928 2299 possint
945 2186 995 2271 ad
1013 2187 1116 2273 illud
1137 2191 1209 2272 ite·

138 2314 242 2387 'rum
267 2298 527 2389 tollendum?
556 2331 723 2395 meeum
751 2300 967 2414 perpendi:
998 2299 1099 2386 illud
1126 2303 1209 2401 evi?

143 2439 250 2517 tare,
274 2415 354 2500 hoc
380 2443 542 2515 curare,
580 2417 660 2502 hoc
680 2440 762 2501 tota
778 2420 859 2500 vita
876 2411 1089 2528 prosequi,
1125 2415 1210 2501 hoc

143 2556 407 2640 promovere,
427 2529 650 2616 inviolabili
667 2533 793 2616 animi
811 2528 976 2614 decreto
991 2527 1207 2642 proposuit

144 2671 297 2754 nempe
313 2645 470 2757 absque
490 2650 601 2729 omni
619 2650 795 2757 partium
812 2644 943 2729 studio
960 2642 1122 2758 exiphs
1135 2646 1208 2755 'auf

142 2762 300 2845 tenticis
336 2757 595 2855 documentis
615 2759 821 2869 ,dogmata
850 2784 1017 2843 cruere:
1062 2757 1129 2842 illa
1157 2782 1208 2841 co

140 2872 270 2959 modo
295 2873 472 2976 tradere,
502 2900 590 2985 quo
615 2873 707 2983 ipsis
726 2873 943 2957 hominum
969 2875 1091 2956 animi
1112 2879 1208 2957 con·

142 2986 353 3072 cilientur:
384 2980 481 3072 ea‘in
497 2987 573 3071 illis
589 2985 902 3098 'interpretandis
920 2983 1118 3069 methodo
1132 2987 1206 3077 uti,

141 3127 234 3212 quae
260 3101 383 3186 nostri
405 3104 601 3214 temporis
622 3105 791 3213 ingenio
811 3103 1061 3185 conveniret.
1125 3098 1206 3183 De·-

141 3218 252 3299 crevi
269 3213 491 3327 diligenter
512 3209 759 3328 perspicere3
785 3240 866 3326 qua
891 3238 1004 3324 parte
1029 3208 1211 3298 adversa

138 3332 209 3413 riis
243 3326 514 3439 displicuerint
546 3329 741 3444 dogmata
766 3325 1043 3413 controversa:
1088 3327 1231 3437 &cici

140 3470 192 3526 ca
208 3467 338 3553 partes
356 3445 421 3529 illa
444 3447 574 3555 magis
592 3446 811 3544 roborare,
841 3441 1014 3534 firmare,
1046 3465 1206 3527 ornare.-

141 3556 317 3650 Decrev=
340 3561 540 3645 honorem
559 3558 815 3656 &amorem
844 3560 1099 3666 quisquiseo
1122 3551 1207 3667 dig·
1243 3636 1245 3641 .

140 3695 244 3771 nuo,
291 3669 431 3772 TroS,
479 3671 713 3757 Ruttilusve
738 3665 885 3760 fuerit,
933 3696 1016 3753 non
1046 3667 1206 3761 adtenta

141 3787 389 3895 opinionum
417 3789 458 3873 u
487 3783 731 3898 dogmatum
765 3780 993 3866 diversitate
1024 3781 1205 3866 haberet

140 3924 225 3995 non
242 3924 295 3985 ex
312 3901 426 3991 libris
445 3899 598 4003 solum,
631 3894 748 4096 quipp
779 3921 945 4012 quaque
968 3901 1123 3987 ratione
1142 3891 1207 3977 ali·

534 4067 539 4075 ·
721 4033 795 4122 ’4
923 4038 926 4045 ·
1090 4031 1184 4119 πεῖΙ
