<?xml version="1.0" encoding="UTF-8"?>
<!DOCTYPE html PUBLIC "-//W3C//DTD XHTML 1.0 Transitional//EN"
    "http://www.w3.org/TR/xhtml1/DTD/xhtml1-transitional.dtd">
<html xmlns="http://www.w3.org/1999/xhtml" xml:lang="en" lang="en">
 <head>
  <title>
</title>
<meta http-equiv="Content-Type" content="text/html;charset=utf-8" />
  <meta name='ocr-system' content='tesseract 3.04.00' />
  <meta name='ocr-capabilities' content='ocr_page ocr_carea ocr_par ocr_line ocrx_word'/>
</head>
<body>
  <div class='ocr_page' id='page_1' title='image "./operaomniasanct01librgoog_0123.png"; bbox 0 0 2784 4625; ppageno 0'>
   <div class='ocr_carea' id='block_1_1' title="bbox 95 298 1299 3777">
    <p class='ocr_par' dir='ltr' id='par_1_1' title="bbox 139 298 1213 808">
     <span class='ocr_line' id='line_1_1' title="bbox 577 298 1213 386; baseline 0.013 -8"><span class='ocrx_word' id='word_1_1' title='bbox 577 298 780 378; x_wconf 51' lang='grc' dir='ltr'>ΗΕ*</span> <span class='ocrx_word' id='word_1_2' title='bbox 1111 321 1213 386; x_wconf 70' lang='lat' dir='ltr'>mn</span> 
     </span>
     <span class='ocr_line' id='line_1_2' title="bbox 144 455 1211 590; baseline -0.005 -28"><span class='ocrx_word' id='word_1_3' title='bbox 144 486 273 590; x_wconf 74' lang='lat' dir='ltr'>quarn</span> <span class='ocrx_word' id='word_1_4' title='bbox 286 459 617 574; x_wconf 75' lang='lat' dir='ltr'>marcianetiolui,</span> <span class='ocrx_word' id='word_1_5' title='bbox 644 465 769 578; x_wconf 83' lang='lat' dir='ltr'>altera</span> <span class='ocrx_word' id='word_1_6' title='bbox 782 455 872 560; x_wconf 89' lang='lat' dir='ltr'>vice&#39;</span> <span class='ocrx_word' id='word_1_7' title='bbox 888 464 984 560; x_wconf 91' lang='lat' dir='ltr'>illuc</span> <span class='ocrx_word' id='word_1_8' title='bbox 998 468 1108 560; x_wconf 85' lang='lat' dir='ltr'>viam</span> <span class='ocrx_word' id='word_1_9' title='bbox 1125 496 1211 557; x_wconf 89' lang='lat' dir='ltr'>car·</span> 
     </span>
     <span class='ocr_line' id='line_1_3' title="bbox 140 581 1209 703; baseline 0.003 -31"><span class='ocrx_word' id='word_1_10' title='bbox 140 609 262 703; x_wconf 81' lang='lat' dir='ltr'>pere,</span> <span class='ocrx_word' id='word_1_11' title='bbox 287 598 346 674; x_wconf 78' lang='lat' dir='ltr'>&#39;ut</span> <span class='ocrx_word' id='word_1_12' title='bbox 376 583 420 670; x_wconf 72' lang='lat'>81</span> <span class='ocrx_word' id='word_1_13' title='bbox 449 581 604 673; x_wconf 89' lang='lat' dir='ltr'>Clodio</span> <span class='ocrx_word' id='word_1_14' title='bbox 628 589 777 702; x_wconf 76' lang='lat' dir='ltr'>gratias</span> <span class='ocrx_word' id='word_1_15' title='bbox 805 611 992 699; x_wconf 78' lang='lat' dir='ltr'>agerem,</span> <span class='ocrx_word' id='word_1_16' title='bbox 1036 585 1082 676; x_wconf 73' lang='lat' dir='ltr'>u</span> <span class='ocrx_word' id='word_1_17' title='bbox 1109 586 1209 675; x_wconf 89' lang='lat' dir='ltr'>urbi</span> 
     </span>
     <span class='ocr_line' id='line_1_4' title="bbox 139 696 883 808; baseline -0.013 -18"><span class='ocrx_word' id='word_1_18' title='bbox 139 696 439 808; x_wconf 84' lang='lat' dir='ltr'>reconciliaret.</span> <span class='ocrx_word' id='word_1_19' title='bbox 611 751 625 773; x_wconf 77' lang='lat'><strong>·</strong></span> <span class='ocrx_word' id='word_1_20' title='bbox 880 770 883 780; x_wconf 94' lang='lat'><em>.</em></span> 
     </span>
    </p>

    <p class='ocr_par' dir='ltr' id='par_1_2' title="bbox 95 801 1299 1837">
     <span class='ocr_line' id='line_1_5' title="bbox 198 801 1211 926; baseline 0.001 -25"><span class='ocrx_word' id='word_1_21' title='bbox 198 911 204 920; x_wconf 46' lang='grc'>,</span> <span class='ocrx_word' id='word_1_22' title='bbox 259 812 330 901; x_wconf 88' lang='lat' dir='ltr'>Ne</span> <span class='ocrx_word' id='word_1_23' title='bbox 350 814 487 925; x_wconf 91' lang='lat' dir='ltr'>primo</span> <span class='ocrx_word' id='word_1_24' title='bbox 502 801 789 926; x_wconf 79' lang='lat' dir='ltr'>indignationis</span> <span class='ocrx_word' id='word_1_25' title='bbox 802 813 963 926; x_wconf 92' lang='lat' dir='ltr'>impetu</span> <span class='ocrx_word' id='word_1_26' title='bbox 979 807 1125 910; x_wconf 63' lang='lat' dir='ltr'>vibius,</span> <span class='ocrx_word' id='word_1_27' title='bbox 1137 812 1211 902; x_wconf 87' lang='lat' dir='ltr'>sta·</span> 
     </span>
     <span class='ocr_line' id='line_1_6' title="bbox 113 921 1299 1042; baseline -0.002 -26"><span class='ocrx_word' id='word_1_28' title='bbox 113 921 219 1042; x_wconf 78' lang='lat' dir='ltr'>tim</span> <span class='ocrx_word' id='word_1_29' title='bbox 234 926 344 1015; x_wconf 87' lang='lat' dir='ltr'>urbe</span> <span class='ocrx_word' id='word_1_30' title='bbox 359 923 621 1029; x_wconf 83' lang='lat' dir='ltr'>excederem,</span> <span class='ocrx_word' id='word_1_31' title='bbox 649 925 787 1016; x_wconf 89' lang='lat' dir='ltr'>bonus</span> <span class='ocrx_word' id='word_1_32' title='bbox 802 926 1015 1042; x_wconf 85' lang='lat' dir='ltr'>prohibuit</span> <span class='ocrx_word' id='word_1_33' title='bbox 1033 923 1212 1033; x_wconf 82' lang='lat' dir='ltr'>Genius,</span> <span class='ocrx_word' id='word_1_34' title='bbox 1296 966 1299 972; x_wconf 95' lang='lat'>·</span> 
     </span>
     <span class='ocr_line' id='line_1_7' title="bbox 142 1037 1209 1157; baseline 0.001 -28"><span class='ocrx_word' id='word_1_35' title='bbox 142 1045 215 1157; x_wconf 87' lang='lat' dir='ltr'>qui</span> <span class='ocrx_word' id='word_1_36' title='bbox 242 1040 480 1155; x_wconf 81' lang='lat' dir='ltr'>tempestive</span> <span class='ocrx_word' id='word_1_37' title='bbox 503 1040 640 1128; x_wconf 90' lang='lat' dir='ltr'>adhuc</span> <span class='ocrx_word' id='word_1_38' title='bbox 663 1045 849 1148; x_wconf 90' lang='lat' dir='ltr'>monuit,</span> <span class='ocrx_word' id='word_1_39' title='bbox 887 1037 998 1153; x_wconf 88' lang='lat' dir='ltr'>posse</span> <span class='ocrx_word' id='word_1_40' title='bbox 1021 1067 1089 1126; x_wconf 91' lang='lat' dir='ltr'>rne</span> <span class='ocrx_word' id='word_1_41' title='bbox 1114 1037 1209 1130; x_wconf 89' lang='lat' dir='ltr'>Bra·</span> 
     </span>
     <span class='ocr_line' id='line_1_8' title="bbox 141 1147 1212 1271; baseline 0 -28"><span class='ocrx_word' id='word_1_42' title='bbox 141 1154 383 1244; x_wconf 87' lang='lat' dir='ltr'>beckianam</span> <span class='ocrx_word' id='word_1_43' title='bbox 400 1147 535 1244; x_wconf 90' lang='lat' dir='ltr'>saltem</span> <span class='ocrx_word' id='word_1_44' title='bbox 550 1155 862 1268; x_wconf 75' lang='lat' dir='ltr'>pinacothecam</span> <span class='ocrx_word' id='word_1_45' title='bbox 882 1160 924 1242; x_wconf 90' lang='lat' dir='ltr'>in</span> <span class='ocrx_word' id='word_1_46' title='bbox 948 1151 1013 1242; x_wconf 89' lang='lat' dir='ltr'>illa</span> <span class='ocrx_word' id='word_1_47' title='bbox 1038 1158 1212 1271; x_wconf 84' lang='lat' dir='ltr'>regione</span> 
     </span>
     <span class='ocr_line' id='line_1_9' title="bbox 142 1261 1209 1384; baseline 0 -27"><span class='ocrx_word' id='word_1_48' title='bbox 142 1265 336 1384; x_wconf 71' lang='lat' dir='ltr'>profesio</span> <span class='ocrx_word' id='word_1_49' title='bbox 354 1267 571 1372; x_wconf 86' lang='lat' dir='ltr'>celebrem,</span> <span class='ocrx_word' id='word_1_50' title='bbox 596 1265 749 1374; x_wconf 88' lang='lat' dir='ltr'>videre,</span> <span class='ocrx_word' id='word_1_51' title='bbox 775 1261 844 1356; x_wconf 85' lang='lat' dir='ltr'>sre</span> <span class='ocrx_word' id='word_1_52' title='bbox 897 1273 1036 1384; x_wconf 84' lang='lat' dir='ltr'>egium</span> <span class='ocrx_word' id='word_1_53' title='bbox 1052 1272 1209 1372; x_wconf 87' lang='lat' dir='ltr'>virum,</span> 
     </span>
     <span class='ocr_line' id='line_1_10' title="bbox 143 1291 1264 1498; baseline 0.005 -28"><span class='ocrx_word' id='word_1_54' title='bbox 143 1382 232 1498; x_wconf 87' lang='lat' dir='ltr'>ejus</span> <span class='ocrx_word' id='word_1_55' title='bbox 259 1378 519 1494; x_wconf 83' lang='lat' dir='ltr'>possessorem</span> <span class='ocrx_word' id='word_1_56' title='bbox 545 1405 633 1469; x_wconf 93' lang='lat' dir='ltr'>non</span> <span class='ocrx_word' id='word_1_57' title='bbox 656 1375 787 1472; x_wconf 87' lang='lat' dir='ltr'>liceat.</span> <span class='ocrx_word' id='word_1_58' title='bbox 846 1291 999 1470; x_wconf 53' lang='grc' dir='ltr'>ῗίευίε</span> <span class='ocrx_word' id='word_1_59' title='bbox 1022 1379 1133 1490; x_wconf 84' lang='lat' dir='ltr'>sane,</span> <span class='ocrx_word' id='word_1_60' title='bbox 1161 1406 1212 1470; x_wconf 89' lang='lat' dir='ltr'>ut</span> <span class='ocrx_word' id='word_1_61' title='bbox 1259 1468 1264 1476; x_wconf 80' lang='grc'>.</span> 
     </span>
     <span class='ocr_line' id='line_1_11' title="bbox 95 1489 1211 1614; baseline 0.004 -31"><span class='ocrx_word' id='word_1_62' title='bbox 95 1567 97 1602; x_wconf 84' lang='grc'>,</span> <span class='ocrx_word' id='word_1_63' title='bbox 142 1522 219 1610; x_wconf 89' lang='lat' dir='ltr'>per</span> <span class='ocrx_word' id='word_1_64' title='bbox 250 1495 398 1583; x_wconf 92' lang='lat' dir='ltr'>horam</span> <span class='ocrx_word' id='word_1_65' title='bbox 423 1489 625 1614; x_wconf 85' lang='lat' dir='ltr'>integram</span> <span class='ocrx_word' id='word_1_66' title='bbox 649 1496 796 1585; x_wconf 88' lang='lat' dir='ltr'>oculos</span> <span class='ocrx_word' id='word_1_67' title='bbox 820 1500 1111 1611; x_wconf 88' lang='lat' dir='ltr'>animumque,</span> <span class='ocrx_word' id='word_1_68' title='bbox 1132 1493 1211 1587; x_wconf 80' lang='lat' dir='ltr'>has</span> 
     </span>
     <span class='ocr_line' id='line_1_12' title="bbox 95 1609 1214 1723; baseline -0.002 -22"><span class='ocrx_word' id='word_1_69' title='bbox 95 1613 97 1712; x_wconf 77' lang='lat' dir='ltr'>i</span> <span class='ocrx_word' id='word_1_70' title='bbox 141 1613 357 1701; x_wconf 83' lang='lat' dir='ltr'>interartis</span> <span class='ocrx_word' id='word_1_71' title='bbox 378 1609 539 1696; x_wconf 87' lang='lat' dir='ltr'>delicias</span> <span class='ocrx_word' id='word_1_72' title='bbox 562 1617 784 1698; x_wconf 79' lang='lat' dir='ltr'>recrearem</span> <span class='ocrx_word' id='word_1_73' title='bbox 801 1609 844 1699; x_wconf 78' lang='lat' dir='ltr'>u</span> <span class='ocrx_word' id='word_1_74' title='bbox 861 1610 1083 1723; x_wconf 88' lang='lat' dir='ltr'>pascerem.</span> <span class='ocrx_word' id='word_1_75' title='bbox 1211 1611 1214 1618; x_wconf 81' lang='grc'><strong>’</strong></span> 
     </span>
     <span class='ocr_line' id='line_1_13' title="bbox 95 1715 1213 1837; baseline 0.005 -28"><span class='ocrx_word' id='word_1_76' title='bbox 95 1719 97 1826; x_wconf 72' lang='grc' dir='ltr'>ἔ</span> <span class='ocrx_word' id='word_1_77' title='bbox 260 1717 327 1810; x_wconf 87' lang='lat' dir='ltr'>Sic</span> <span class='ocrx_word' id='word_1_78' title='bbox 345 1745 563 1827; x_wconf 89' lang='lat' dir='ltr'>recreatus,</span> <span class='ocrx_word' id='word_1_79' title='bbox 584 1723 665 1837; x_wconf 81' lang='lat' dir='ltr'>jarn</span> <span class='ocrx_word' id='word_1_80' title='bbox 698 1751 751 1811; x_wconf 87' lang='lat' dir='ltr'>ue</span> <span class='ocrx_word' id='word_1_81' title='bbox 854 1749 902 1812; x_wconf 94' lang='lat' dir='ltr'>ut</span> <span class='ocrx_word' id='word_1_82' title='bbox 919 1725 1013 1813; x_wconf 90' lang='lat' dir='ltr'>suos</span> <span class='ocrx_word' id='word_1_83' title='bbox 1030 1715 1213 1815; x_wconf 79' lang='lat' dir='ltr'>cultores</span> 
     </span>
    </p>

    <p class='ocr_par' dir='ltr' id='par_1_3' title="bbox 138 1752 1235 3777">
     <span class='ocr_line' id='line_1_14' title="bbox 142 1752 1235 1956; baseline -0.001 -28"><span class='ocrx_word' id='word_1_84' title='bbox 142 1827 620 1952; x_wconf 85' lang='lat' dir='ltr'>MusaeArtesqueferos</span> <span class='ocrx_word' id='word_1_85' title='bbox 636 1752 714 1924; x_wconf 75' lang='lat' dir='ltr'>elie</span> <span class='ocrx_word' id='word_1_86' title='bbox 736 1865 821 1928; x_wconf 93' lang='lat' dir='ltr'>non</span> <span class='ocrx_word' id='word_1_87' title='bbox 835 1838 972 1928; x_wconf 86' lang='lat' dir='ltr'>finunt</span> <span class='ocrx_word' id='word_1_88' title='bbox 1081 1833 1235 1956; x_wconf 72' lang='lat' dir='ltr'>placa·</span> 
     </span>
     <span class='ocr_line' id='line_1_15' title="bbox 142 1946 1211 2068; baseline 0.003 -29"><span class='ocrx_word' id='word_1_89' title='bbox 142 1957 223 2040; x_wconf 91' lang='lat' dir='ltr'>tior</span> <span class='ocrx_word' id='word_1_90' title='bbox 250 1946 404 2055; x_wconf 72' lang='lat' dir='ltr'>fabius,</span> <span class='ocrx_word' id='word_1_91' title='bbox 433 1948 583 2039; x_wconf 86' lang='lat' dir='ltr'>urbem</span> <span class='ocrx_word' id='word_1_92' title='bbox 609 1955 839 2059; x_wconf 90' lang='lat' dir='ltr'>circumeo,</span> <span class='ocrx_word' id='word_1_93' title='bbox 868 1954 963 2068; x_wconf 83' lang='lat' dir='ltr'>ejus.</span> <span class='ocrx_word' id='word_1_94' title='bbox 982 1955 1211 2068; x_wconf 79' lang='lat' dir='ltr'>imaginem</span> 
     </span>
     <span class='ocr_line' id='line_1_16' title="bbox 139 2057 1209 2181; baseline 0 -27"><span class='ocrx_word' id='word_1_95' title='bbox 139 2066 320 2181; x_wconf 83' lang='lat' dir='ltr'>aliquam</span> <span class='ocrx_word' id='word_1_96' title='bbox 345 2067 481 2152; x_wconf 90' lang='lat' dir='ltr'>animo</span> <span class='ocrx_word' id='word_1_97' title='bbox 508 2057 823 2157; x_wconf 81' lang='lat' dir='ltr'>informaturus.</span> <span class='ocrx_word' id='word_1_98' title='bbox 887 2071 979 2159; x_wconf 90' lang='lat' dir='ltr'>Nec</span> <span class='ocrx_word' id='word_1_99' title='bbox 1004 2070 1209 2180; x_wconf 83' lang='lat' dir='ltr'>poenituit.</span> 
     </span>
     <span class='ocr_line' id='line_1_17' title="bbox 140 2174 1210 2296; baseline 0.002 -28"><span class='ocrx_word' id='word_1_100' title='bbox 140 2179 388 2268; x_wconf 87' lang='lat' dir='ltr'>Primarium</span> <span class='ocrx_word' id='word_1_101' title='bbox 412 2177 528 2267; x_wconf 88' lang='lat' dir='ltr'>urbis</span> <span class='ocrx_word' id='word_1_102' title='bbox 558 2181 786 2294; x_wconf 87' lang='lat' dir='ltr'>templum,</span> <span class='ocrx_word' id='word_1_103' title='bbox 832 2174 907 2270; x_wconf 91' lang='lat' dir='ltr'>ubi</span> <span class='ocrx_word' id='word_1_104' title='bbox 930 2176 1120 2296; x_wconf 81' lang='lat' dir='ltr'>Episcopi</span> <span class='ocrx_word' id='word_1_105' title='bbox 1146 2209 1210 2270; x_wconf 87' lang='lat' dir='ltr'>ca·</span> 
     </span>
     <span class='ocr_line' id='line_1_18' title="bbox 140 2285 1208 2398; baseline -0.002 -15"><span class='ocrx_word' id='word_1_106' title='bbox 140 2291 289 2383; x_wconf 85' lang='lat' dir='ltr'>thedra</span> <span class='ocrx_word' id='word_1_107' title='bbox 303 2292 380 2398; x_wconf 89' lang='lat' dir='ltr'>est,</span> <span class='ocrx_word' id='word_1_108' title='bbox 410 2285 478 2382; x_wconf 90' lang='lat' dir='ltr'>sua</span> <span class='ocrx_word' id='word_1_109' title='bbox 494 2323 562 2382; x_wconf 90' lang='lat' dir='ltr'>me</span> <span class='ocrx_word' id='word_1_110' title='bbox 578 2297 777 2383; x_wconf 87' lang='lat' dir='ltr'>vetustate</span> <span class='ocrx_word' id='word_1_111' title='bbox 793 2286 844 2385; x_wconf 88' lang='lat' dir='ltr'>ad</span> <span class='ocrx_word' id='word_1_112' title='bbox 861 2289 900 2382; x_wconf 88' lang='lat' dir='ltr'>se</span> <span class='ocrx_word' id='word_1_113' title='bbox 913 2293 1089 2383; x_wconf 80' lang='lat' dir='ltr'>alliciens</span> <span class='ocrx_word' id='word_1_114' title='bbox 1105 2321 1208 2381; x_wconf 91' lang='lat' dir='ltr'>cum</span> 
     </span>
     <span class='ocr_line' id='line_1_19' title="bbox 140 2401 1209 2517; baseline -0.003 -20"><span class='ocrx_word' id='word_1_115' title='bbox 140 2402 366 2517; x_wconf 70' lang='lat' dir='ltr'>intrassem,</span> <span class='ocrx_word' id='word_1_116' title='bbox 397 2402 588 2497; x_wconf 91' lang='lat' dir='ltr'>columna</span> <span class='ocrx_word' id='word_1_117' title='bbox 604 2401 829 2497; x_wconf 88' lang='lat' dir='ltr'>ostenditur</span> <span class='ocrx_word' id='word_1_118' title='bbox 843 2433 1088 2513; x_wconf 86' lang='lat' dir='ltr'>marmorea,</span> <span class='ocrx_word' id='word_1_119' title='bbox 1113 2432 1209 2494; x_wconf 85' lang='lat' dir='ltr'>ante</span> 
     </span>
     <span class='ocr_line' id='line_1_20' title="bbox 143 2518 1209 2638; baseline -0.001 -29"><span class='ocrx_word' id='word_1_120' title='bbox 143 2518 347 2609; x_wconf 90' lang='lat' dir='ltr'>summam</span> <span class='ocrx_word' id='word_1_121' title='bbox 360 2547 485 2627; x_wconf 88' lang='lat' dir='ltr'>aram,</span> <span class='ocrx_word' id='word_1_122' title='bbox 494 2519 677 2638; x_wconf 85' lang='lat' dir='ltr'>Virginis</span> <span class='ocrx_word' id='word_1_123' title='bbox 696 2522 760 2611; x_wconf 83' lang='lat' dir='ltr'>Ss.</span> <span class='ocrx_word' id='word_1_124' title='bbox 781 2551 893 2612; x_wconf 92' lang='lat' dir='ltr'>nunc</span> <span class='ocrx_word' id='word_1_125' title='bbox 907 2522 1120 2638; x_wconf 84' lang='lat' dir='ltr'>parvulam</span> <span class='ocrx_word' id='word_1_126' title='bbox 1137 2520 1209 2608; x_wconf 84' lang='lat' dir='ltr'>sta·</span> 
     </span>
     <span class='ocr_line' id='line_1_21' title="bbox 143 2630 1209 2741; baseline -0.001 -16"><span class='ocrx_word' id='word_1_127' title='bbox 143 2658 259 2725; x_wconf 91' lang='lat' dir='ltr'>tuam</span> <span class='ocrx_word' id='word_1_128' title='bbox 284 2634 518 2741; x_wconf 86' lang='lat' dir='ltr'>sustentans,</span> <span class='ocrx_word' id='word_1_129' title='bbox 526 2638 676 2724; x_wconf 86' lang='lat' dir='ltr'>veteris</span> <span class='ocrx_word' id='word_1_130' title='bbox 693 2630 878 2724; x_wconf 84' lang='lat' dir='ltr'>Saxoniae</span> <span class='ocrx_word' id='word_1_131' title='bbox 897 2634 1116 2725; x_wconf 87' lang='lat' dir='ltr'>necduma</span> <span class='ocrx_word' id='word_1_132' title='bbox 1132 2634 1209 2724; x_wconf 81' lang='lat' dir='ltr'>Ca·</span> 
     </span>
     <span class='ocr_line' id='line_1_22' title="bbox 140 2742 1209 2865; baseline -0.003 -24"><span class='ocrx_word' id='word_1_133' title='bbox 140 2748 236 2841; x_wconf 84' lang='lat' dir='ltr'>rolo</span> <span class='ocrx_word' id='word_1_134' title='bbox 258 2750 323 2837; x_wconf 88' lang='lat' dir='ltr'>M.</span> <span class='ocrx_word' id='word_1_135' title='bbox 341 2742 533 2855; x_wconf 73' lang='lat' dir='ltr'>subaiiae,</span> <span class='ocrx_word' id='word_1_136' title='bbox 557 2754 606 2851; x_wconf 66' lang='lat' dir='ltr'>‚u</span> <span class='ocrx_word' id='word_1_137' title='bbox 625 2747 790 2839; x_wconf 90' lang='lat' dir='ltr'>Christo</span> <span class='ocrx_word' id='word_1_138' title='bbox 805 2754 1040 2865; x_wconf 76' lang='lat' dir='ltr'>mancipata</span> <span class='ocrx_word' id='word_1_139' title='bbox 1057 2772 1209 2838; x_wconf 80' lang='lat' dir='ltr'>monu-</span> 
     </span>
     <span class='ocr_line' id='line_1_23' title="bbox 141 2856 1210 2975; baseline -0.004 -22"><span class='ocrx_word' id='word_1_140' title='bbox 141 2890 356 2968; x_wconf 87' lang='lat' dir='ltr'>mentum,</span> <span class='ocrx_word' id='word_1_141' title='bbox 395 2867 561 2951; x_wconf 89' lang='lat' dir='ltr'>nomine</span> <span class='ocrx_word' id='word_1_142' title='bbox 581 2857 767 2952; x_wconf 84' lang='lat' dir='ltr'>irminsul</span> <span class='ocrx_word' id='word_1_143' title='bbox 800 2856 1100 2975; x_wconf 89' lang='lat' dir='ltr'>(lrminsaule)</span> <span class='ocrx_word' id='word_1_144' title='bbox 1132 2882 1210 2949; x_wconf 89' lang='lat' dir='ltr'>no·</span> 
     </span>
     <span class='ocr_line' id='line_1_24' title="bbox 145 2966 1211 3092; baseline -0.004 -25"><span class='ocrx_word' id='word_1_145' title='bbox 145 2999 253 3079; x_wconf 88' lang='lat' dir='ltr'>tum,</span> <span class='ocrx_word' id='word_1_146' title='bbox 283 2980 357 3062; x_wconf 91' lang='lat' dir='ltr'>rei</span> <span class='ocrx_word' id='word_1_147' title='bbox 389 2976 680 3066; x_wconf 48' lang='lat' dir='ltr'>notissimum(</span> <span class='ocrx_word' id='word_1_148' title='bbox 711 2969 896 3065; x_wconf 83' lang='lat' dir='ltr'>Crucem</span> <span class='ocrx_word' id='word_1_149' title='bbox 914 2983 1070 3092; x_wconf 83' lang='lat' dir='ltr'>quippe</span> <span class='ocrx_word' id='word_1_150' title='bbox 1084 2966 1211 3063; x_wconf 84' lang='lat' dir='ltr'>altam</span> 
     </span>
     <span class='ocr_line' id='line_1_25' title="bbox 141 3081 1210 3205; baseline -0.003 -26"><span class='ocrx_word' id='word_1_151' title='bbox 141 3090 288 3199; x_wconf 86' lang='lat' dir='ltr'>multis</span> <span class='ocrx_word' id='word_1_152' title='bbox 377 3083 573 3179; x_wconf 76' lang='lat' dir='ltr'>heodiscae</span> <span class='ocrx_word' id='word_1_153' title='bbox 619 3091 868 3205; x_wconf 84' lang='lat' dir='ltr'>antiquitatis</span> <span class='ocrx_word' id='word_1_154' title='bbox 910 3081 1210 3203; x_wconf 87' lang='lat' dir='ltr'>interpretibus</span> 
     </span>
     <span class='ocr_line' id='line_1_26' title="bbox 139 3196 1211 3404; baseline -0.002 -113"><span class='ocrx_word' id='word_1_155' title='bbox 139 3204 252 3301; x_wconf 77' lang='lat' dir='ltr'>lixit:</span> <span class='ocrx_word' id='word_1_156' title='bbox 281 3226 330 3293; x_wconf 92' lang='lat' dir='ltr'>ut</span> <span class='ocrx_word' id='word_1_157' title='bbox 352 3200 418 3291; x_wconf 89' lang='lat' dir='ltr'>alii</span> <span class='ocrx_word' id='word_1_158' title='bbox 440 3200 571 3307; x_wconf 86' lang='lat' dir='ltr'>aliud,</span> <span class='ocrx_word' id='word_1_159' title='bbox 601 3196 703 3321; x_wconf 88' lang='lat' dir='ltr'>quid</span> <span class='ocrx_word' id='word_1_160' title='bbox 728 3196 935 3404; x_wconf 53' lang='lat' dir='ltr'>proleque</span> <span class='ocrx_word' id='word_1_161' title='bbox 958 3199 1102 3308; x_wconf 87' lang='lat' dir='ltr'>fuerit,</span> <span class='ocrx_word' id='word_1_162' title='bbox 1130 3200 1211 3313; x_wconf 77' lang='lat' dir='ltr'>&#39;snt</span> 
     </span>
     <span class='ocr_line' id='line_1_27' title="bbox 142 3313 1208 3433; baseline -0.006 -24"><span class='ocrx_word' id='word_1_163' title='bbox 142 3319 384 3425; x_wconf 87' lang='lat' dir='ltr'>commenti.</span> <span class='ocrx_word' id='word_1_164' title='bbox 442 3316 683 3408; x_wconf 86' lang='lat' dir='ltr'>Commune</span> <span class='ocrx_word' id='word_1_165' title='bbox 714 3319 871 3433; x_wconf 84' lang='lat' dir='ltr'>aylum</span> <span class='ocrx_word' id='word_1_166' title='bbox 895 3313 1032 3422; x_wconf 73' lang='lat' dir='ltr'>fuisse,</span> <span class='ocrx_word' id='word_1_167' title='bbox 1069 3333 1208 3431; x_wconf 85' lang='lat' dir='ltr'>nuper</span> 
     </span>
     <span class='ocr_line' id='line_1_28' title="bbox 138 3426 1208 3549; baseline -0.004 -29"><span class='ocrx_word' id='word_1_168' title='bbox 138 3428 248 3548; x_wconf 80' lang='lat' dir='ltr'>legi,</span> <span class='ocrx_word' id='word_1_169' title='bbox 266 3433 339 3547; x_wconf 91' lang='lat' dir='ltr'>qui</span> <span class='ocrx_word' id='word_1_170' title='bbox 356 3458 410 3519; x_wconf 81' lang='lat' dir='ltr'>ex</span> <span class='ocrx_word' id='word_1_171' title='bbox 426 3428 631 3540; x_wconf 89' lang='lat' dir='ltr'>norninis,</span> <span class='ocrx_word' id='word_1_172' title='bbox 669 3432 786 3549; x_wconf 87' lang='lat' dir='ltr'>quod</span> <span class='ocrx_word' id='word_1_173' title='bbox 802 3432 873 3518; x_wconf 82' lang='lat' dir='ltr'>fibi</span> <span class='ocrx_word' id='word_1_174' title='bbox 890 3426 945 3519; x_wconf 78' lang='lat' dir='ltr'>fin</span> <span class='ocrx_word' id='word_1_175' title='bbox 976 3426 1092 3537; x_wconf 88' lang='lat' dir='ltr'>ebat,</span> <span class='ocrx_word' id='word_1_176' title='bbox 1121 3452 1208 3542; x_wconf 83' lang='lat' dir='ltr'>ety-</span> 
     </span>
     <span class='ocr_line' id='line_1_29' title="bbox 138 3539 1207 3663; baseline 0.003 -30"><span class='ocrx_word' id='word_1_177' title='bbox 138 3573 237 3653; x_wconf 87' lang='lat' dir='ltr'>mo,</span> <span class='ocrx_word' id='word_1_178' title='bbox 265 3551 526 3659; x_wconf 87' lang='lat' dir='ltr'>opinaretur,</span> <span class='ocrx_word' id='word_1_179' title='bbox 562 3546 676 3662; x_wconf 63' lang='grc' dir='ltr'>Ιιιειίῐ</span> <span class='ocrx_word' id='word_1_180' title='bbox 730 3541 925 3635; x_wconf 81' lang='lat' dir='ltr'>ederrnan</span> <span class='ocrx_word' id='word_1_181' title='bbox 945 3539 1066 3636; x_wconf 77' lang='lat' dir='ltr'>&#39;atrle</span> <span class='ocrx_word' id='word_1_182' title='bbox 1112 3539 1207 3663; x_wconf 75' lang='lat' dir='ltr'>Ego</span> 
     </span>
     <span class='ocr_line' id='line_1_30' title="bbox 142 3572 1208 3777; baseline -0.003 -29"><span class='ocrx_word' id='word_1_183' title='bbox 142 3654 315 3777; x_wconf 85' lang='lat' dir='ltr'>quidem</span> <span class='ocrx_word' id='word_1_184' title='bbox 418 3653 540 3771; x_wconf 79' lang='lat' dir='ltr'>cujus</span> <span class='ocrx_word' id='word_1_185' title='bbox 557 3572 646 3746; x_wconf 52' lang='lat' dir='ltr'>sane</span> <span class='ocrx_word' id='word_1_186' title='bbox 662 3688 748 3749; x_wconf 91' lang='lat' dir='ltr'>non</span> <span class='ocrx_word' id='word_1_187' title='bbox 763 3663 822 3748; x_wconf 81' lang='lat' dir='ltr'>est</span> <span class='ocrx_word' id='word_1_188' title='bbox 839 3677 967 3746; x_wconf 83' lang='lat' dir='ltr'>tantas</span> <span class='ocrx_word' id='word_1_189' title='bbox 981 3681 1208 3773; x_wconf 87' lang='lat' dir='ltr'>compone-</span> 
     </span>
    </p>
   </div>
   <div class='ocr_carea' id='block_1_2' title="bbox 141 3764 1206 3981">
    <p class='ocr_par' dir='ltr' id='par_1_4' title="bbox 141 3764 1206 3981">
     <span class='ocr_line' id='line_1_31' title="bbox 141 3764 1206 3981; baseline -0.005 -118"><span class='ocrx_word' id='word_1_190' title='bbox 141 3800 189 3863; x_wconf 90' lang='lat' dir='ltr'>re</span> <span class='ocrx_word' id='word_1_191' title='bbox 225 3764 318 3861; x_wconf 81' lang='lat' dir='ltr'>lites</span> <span class='ocrx_word' id='word_1_192' title='bbox 440 3767 573 3863; x_wconf 86' lang='lat' dir='ltr'>donec</span> <span class='ocrx_word' id='word_1_193' title='bbox 607 3770 670 3860; x_wconf 87' lang='lat' dir='ltr'>alii</span> <span class='ocrx_word' id='word_1_194' title='bbox 698 3765 981 3981; x_wconf 59' lang='lat' dir='ltr'>probabiliora</span> <span class='ocrx_word' id='word_1_195' title='bbox 1018 3766 1206 3876; x_wconf 78' lang='lat' dir='ltr'>statuam,</span> 
     </span>
    </p>
   </div>
   <div class='ocr_carea' id='block_1_3' title="bbox 142 3878 1206 4127">
    <p class='ocr_par' dir='ltr' id='par_1_5' title="bbox 142 3878 1206 4151">
     <span class='ocr_line' id='line_1_32' title="bbox 142 3878 1206 4009; baseline 0.002 -32"><span class='ocrx_word' id='word_1_196' title='bbox 142 3881 327 3999; x_wconf 78' lang='lat' dir='ltr'>Moesero</span> <span class='ocrx_word' id='word_1_197' title='bbox 347 3884 570 4007; x_wconf 76' lang='lat' dir='ltr'>adsentior,</span> <span class='ocrx_word' id='word_1_198' title='bbox 597 3886 674 4008; x_wconf 73' lang='lat' dir='ltr'>qus</span> <span class='ocrx_word' id='word_1_199' title='bbox 741 3911 863 4005; x_wconf 61' lang='grc' dir='ltr'>ιω..</span> <span class='ocrx_word' id='word_1_200' title='bbox 878 3878 1018 4009; x_wconf 76' lang='lat' dir='ltr'>priscis</span> <span class='ocrx_word' id='word_1_201' title='bbox 1035 3880 1206 4007; x_wconf 72' lang='lat' dir='ltr'>Germe·</span> 
     </span>
     <span class='ocr_line' id='line_1_33' title="bbox 202 3994 1151 4127; baseline 0.002 -32"><span class='ocrx_word' id='word_1_202' title='bbox 202 3998 301 4127; x_wconf 75' lang='lat' dir='ltr'>th,</span> <span class='ocrx_word' id='word_1_203' title='bbox 318 3994 440 4127; x_wconf 59' lang='lat' dir='ltr'>Tris,</span> <span class='ocrx_word' id='word_1_204' title='bbox 668 4104 673 4119; x_wconf 58' lang='grc'><em>,</em></span> <span class='ocrx_word' id='word_1_205' title='bbox 763 3998 795 4100; x_wconf 78' lang='lat' dir='ltr'><strong>h</strong></span> <span class='ocrx_word' id='word_1_206' title='bbox 1087 3997 1151 4097; x_wconf 59' lang='lat' dir='ltr'>nib</span> 
     </span>
    </p>
   </div>
   <div class='ocr_carea' id='block_1_4' title="bbox 1032 4086 1057 4145">
    <p class='ocr_par' dir='ltr' id='par_1_6' title="bbox 1032 4086 1057 4145">
     <span class='ocr_line' id='line_1_34' title="bbox 1032 4086 1057 4145; baseline 0 0"><span class='ocrx_word' id='word_1_207' title='bbox 1032 4086 1057 4145; x_wconf 64' lang='lat' dir='ltr'>b</span> 
     </span>
    </p>
   </div>
   <div class='ocr_carea' id='block_1_5' title="bbox 0 0 1396 4625">
    <p class='ocr_par' dir='ltr' id='par_1_7' title="bbox 0 0 1396 4625">
     <span class='ocr_line' id='line_1_35' title="bbox 0 0 1396 4625; baseline 0 0"><span class='ocrx_word' id='word_1_208' title='bbox 0 0 1396 4625; x_wconf 95' lang='lat' dir='ltr'> </span> 
     </span>
    </p>
   </div>
  </div>
 </body>
</html>
