2784 4625
570 307 777 372 ΕΞ·
1150 337 1205 402 'cr

139 485 412 576 monuimus
425 479 829 598 t'anltumfuitt'lrimae
847 475 1205 601 ejus-originum&

138 629 194 690 no
210 599 399 700 dixerim,
407 597 658 683 miraculum
668 624 846 703 narrare,
864 599 1040 712 quod'fic
1053 601 1202 710 poffim

139 712 297 831 grande
316 708 507 826 aliquod,
535 716 578 797 in
603 710 720 827 quod
742 707 875 828 quam
894 713 1061 824 plurimi
1080 714 1201 826 respi-

99 840 101 844 ’
140 836 269 931 ciant,
299 828 407 913 &ex
427 853 515 939 quo
537 826 713 929 sumant,
740 827 856 940 quod
872 831 1103 930 imitentur,
1133 854 1202 913 ex·

142 941 329 1051 emplum
339 966 590 1054 proponere,
609 942 1134 1057 viri'magnanimi,providn
1153 941 1205 1026 sa·

139 1060 307 1172 pientia,
319 1055 479 1142 viribus
497 1053 590 1140 licet
606 1058 790 1167 primum
809 1060 982 1170 exiguis,
1012 1065 1204 1167 tempore¹

140 1167 1204 1283 deindeinterplur‘a'negotiadiviso,opusmaximum

140 1289 363 1377 molientis.
450 1280 734 1397 Contingium
750 1286 875 1397 igitur
890 1280 1031 1371 rursus
1054 1286 1206 1384 excito,

143 1428 193 1490 ut
224 1425 352 1515 quam
378 1396 511 1483 adhuc
531 1398 767 1498 delineavit,
795 1400 1048 1516 magnanimi
1072 1400 1205 1486 Ducis

141 1516 332 1629 imagini,
378 1508 541 1597 tandem
567 1509 754 1628 ultimam
779 1531 948 1600 manum
976 1512 1206 1615 admoveat,

141 1651 356 1741 totamque
389 1626 432 1715 dc
462 1625 657 1712 omnibus
688 1630 870 1712 numeris
894 1626 1118 1717 absolutam
1144 1652 1207 1711 re·

141 1743 369 1860 praesentet.
419 1820 422 1828 ,
1065 1793 1068 1798 -
1189 1747 1203 1778 ’·

261 1851 357 1941 “Ut
374 1854 527 1939 exaliis
641 1857 695 1939 ait
712 1856 864 1941 iterum
881 1854 1209 1971 Conringius··

142 1999 165 2058 a
184 1972 376 2081 Principe
391 1966 565 2079 ipsomet
586 1965 781 2054 conscilia
800 1968 1107 2073 voluminibus,
1149 1971 1205 2066 ita

142 2089 265 2172 etiam
291 2110 343 2168 ex
369 2083 450 2167 hoc
471 2108 664 2195 apparere
686 2084 886 2169 ,omnibus
904 2085 1210 2198 potestingeni

141 2201 208 2288 illa
226 2197 423 2307 Principis
440 2198 629 2298 eruditio,
661 2222 743 2311 qua
759 2224 870 2283 unus
894 2197 975 2307 prat
992 2197 1075 2283 aliis
1092 2202 1209 2311 Mag-¹
1256 2274 1259 2280 .

140 2337 284 2413 natum
311 2311 461 2397 ordinis
483 2311 658 2397 idoneus
675 2313 747 2396 est=
764 2312 961 2412 redditus,
992 2311 1042 2397 ad
1059 2318 1209 2431 Augu-⁷

143 2432 244 2537 stant
265 2426 558 2514 Bibliothecam
577 2429 773 2538 proprio,
801 2449 849 2511 ut
866 2425 917 2511 fic
933 2424 1078 2529 dicam,
1103 2432 1208 2512 morl

143 2567 204 2643 te,
245 2544 415 2654 proprio
441 2540 605 2627 consilio
621 2596 647 2643 ,-
672 2537 958 2644 condendam,
995 2538 1218 2653 disponem'

142 2658 336 2768 damquc.
391 2657 528 2741 Tanta
558 2668 658 2740 vero
682 2651 914 2741 eruditione
935 2654 1130 2767 preditus
1151 2655 1211 2753 fit,

138 2767 346 2859 necellum
376 2771 452 2872 est,
491 2769 606 2853 valla
630 2766 734 2853 adeo
758 2768 1037 2872 Bibliotheca,
1078 2772 1211 2882 qualia

141 2886 330 2997 Augusta
347 2884 421 2985 est,
451 2882 623 2967 idoneus
642 2886 781 2997 quivis
798 2880 1000 2991 conditor.
1058 2885 1128 2970 Ab
1147 2888 1209 2997 ip-

143 2998 277 3085 somet
303 3001 421 3083 etiam
447 2996 655 3108 Principe,
685 2995 802 3081 nullo
825 2997 1041 3082 accedente
1061 2999 1211 3084 eruditi

140 3111 446 3200 Bibliothecarii
470 3112 535 3197 vel
553 3108 720 3195 toofilio
743 3108 808 3195 vel
826 3133 971 3220 opera,
1001 3108 1067 3196 illa
1087 3109 1211 3197 admi

144 3225 269 3312 ra‘oda
286 3227 472 3339 Augusta
488 3254 509 3311 a
526 3228 671 3336 primis
688 3249 824 3344 usque
842 3222 1083 3310 rudimentis
1108 3227 1215 3313 insti

145 3356 252 3443 tuta,
277 3341 495 3452 congesta,
523 3337 731 3451 dil'pofita,
758 3340 805 3449 ἃ
831 3363 913 3424 tam
938 3340 1053 3425 vastis
1071 3336 1214 3443 indici⁴¹
1284 3433 1286 3435 ,

143 3454 231 3541 bus
254 3455 310 3538 est
328 3454 558 3555 ordinata„
1204 3470 1211 3511 -’

262 3565 390 3678 “Jam
411 3592 539 3678 porro
558 3592 642 3651 non
662 3568 802 3650 minor
817 3562 1064 3671 eruditione,
1087 3572 1211 3659 etiam

142 3680 337 3768 industria
354 3683 582 3795 requiritur
598 3684 641 3765 in
658 3705 729 3781 eo,
761 3684 835 3794 qui
856 3681 1056 3794 Auguste
1071 3706 1216 3794 parem

143 3794 442 3888 Bibliothecam
462 3792 563 3884 volit
581 3795 772 3883 condere.
818 3794 960 3881 Multo
978 3816 1090 3892 certe
1108 3820 1217 3908 opus
1237 3812 1242 3821 ’

149 3912 209 4002 est
235 3910 386 4019 studio,
419 3909 469 4001 ut
493 3907 681 4027 undique
706 3932 910 4000 terrarum
927 3933 1125 4027 congeras
1147 3914 1221 4002 im

291 4082 295 4089 ,
685 4044 688 4049 ’
720 4052 750 4143 g
781 4052 804 4139 5
1049 4047 1164 4117 men·
