2784 4625
573 319 776 385 m
1062 333 1202 416 cxxx&
1287 435 1290 444 ¹

136 485 266 592 mlum
286 437 424 586 ruhte
446 449 641 586 servatam
667 495 813 607 cied03
850 513 1087 611 quenquam
1115 524 1201 588 non

134 613 294 730 fugiat,
322 612 365 700 81
389 615 587 727 privatam
614 612 917 702 nonnullorum
944 611 1199 723 Principum,

133 727 308 846 Jounnis
324 726 519 814 Friderici
534 724 776 838 praesertim,
804 727 992 841 religioni
1017 726 1200 815 Catholi-

137 869 195 930 cae
214 837 472 930 oddilz'toruro
491 843 704 953 pietatem,
728 840 771 928 δι
795 839 997 926 sollicitam
1018 867 1096 956 pro
1121 840 1200 928 suae

136 955 231 1044 fidei
247 952 362 1042 sociis
377 979 542 1057 coram,
571 956 615 1042 &
633 952 1039 1057 eulamCael'aream,
1070 957 1202 1043 hocce

135 1069 191 1160 de
205 1067 416 1158 catholico
430 1065 628 1182 religione
643 1073 855 1171 meritum,
884 1067 956 1156 fibi
974 1094 1202 1157 commune

135 1179 362 1272 vindicare.
419 1183 521 1270 Haec
537 1184 645 1270 enirn
663 1182 732 1270 usa
750 1208 950 1298 tempore,
971 1185 1201 1270 'Hannovo

137 1321 243 1386 reno
261 1295 738 1410 Principililelloratum
755 1323 850 1383 cum
868 1299 1056 1399 ambiret,
1068 1296 1203 1407 publi·

138 1437 239 1500 eum
263 1409 478 1526 religionis
507 1408 724 1498 Catholicae
750 1414 792 1496 in
814 1414 924 1526 regia
950 1410 1204 1499 concedendi

138 1529 405 1626 exercitium,
430 1523 706 1611 conditionem
729 1524 896 1634 adjecit3
923 1523 988 1624 illa
1004 1551 1124 1631 vero,
1156 1547 1205 1613 ut

138 1642 266 1728 mom
296 1666 321 1724 r
347 1642 535 1756 cognoris
570 1638 759 1726 Ducibus
788 1636 1204 1746 Brunosuiciensrbus,

139 1767 231 1842 uno
255 1749 469 1857 sacrarum,
486 1775 589 1867 quas
607 1753 707 1841 olim
725 1754 931 1839 Henricus
952 1752 1042 1839 Leo
1066 1781 1117 1842 ex
1135 1756 1204 1840 Pa·

136 1867 290 1955 laestina
306 1887 605 1980 reportaverat,
634 1864 877 1980 lipsanorum
896 1872 1041 1976 pretio,
1067 1867 1206 1956 totum*

137 1979 262 2184 suarm
285 1983 330 2070 in
350 1979 502 2069 urbem
527 1978 889 2068 Brunosuicensem
906 1979 975 2094 jus
995 1981 1206 2088 venderet,

139 2117 292 2183 eecrt.
848 2112 852 2126 “
896 2143 898 2148 -

268 2207 316 2294 ld
328 2210 481 2295 mirum
495 2207 623 2296 videri
637 2210 790 2323 potest,
813 2207 1078 2302 Lutheranos
1096 2213 1209 2298 Han·

139 2346 308 2411 noverae
323 2324 545 2412 Catholicis
563 2323 802 2436 publicum,
832 2320 1079 2410 Reformatis
1093 2336 1210 2434 vero,

143 2458 254 2553 quos
286 2460 423 2524 tamen
455 2437 528 2524 sibi
560 2443 691 2552 magis
728 2441 988 2553 propinquos
1010 2436 1209 2544 credunt,

142 2576 320 2669 unoque
341 2549 477 2640 lecum
502 2553 816 2640 Protestrotium
849 2557 1016 2638 nomine
1048 2550 1210 2665 &jure

144 2663 503 2778 complectuntur,
558 2670 765 2777 privatum
805 2690 965 2754 tuntum
1001 2667 1210 2783 religionis

146 2774 388 2869 exercitium
405 2778 654 2867 concelsrlse:
684 2780 907 2894 Goettingae
924 2787 1087 2885 vero,in
1103 2780 1212 2894 ejus³

147 2892 247 2981 dem
265 2893 429 2981 ditionis
450 2896 494 2983 u
510 2899 731 3007 provincie
744 2891 860 2998 urbe,
869 2896 1093 3007 Catholicis
1109 2910 1213 2999 non·

147 3007 220 3095 rifi
236 3008 343 3097 aedes
361 3011 556 3120 privates,
587 3008 630 3097 δι
645 3008 1215 3125 privatumreligionisexer·

149 3124 316 3224 citium,
345 3115 593 3208 Reformatis
610 3148 711 3208 vero
759 3124 934 3211 rivorum
959 3124 1126 3239 quidem
1147 3136 1216 3211 exl

148 3238 341 3324 ercitium
359 3234 589 3351 religionis:
618 3148 804 3324 sacellum
829 3260 978 3341 tamen,
1007 3237 1124 3352 quod
1140 3265 1217 3352 pu·

123 3346 250 3439 'blici
276 3349 420 3460 templi
448 3375 681 3445 externam,
719 3351 903 3465 impolita
929 3355 1073 3456 etiam,
1118 3352 1218 3441 licet

152 3466 365 3575 componis
390 3490 538 3571 vacua,
575 3468 705 3562 turri,
749 3462 893 3551 faciem
919 3492 1005 3579 prae
1031 3462 1070 3554 se
1097 3462 1219 3577 ferat,

148 3575 383 3699 permifille.
497 3600 500 3605 ·
1201 3632 1208 3641 -
1285 3682 1287 3686 ¹

274 3690 358 3780 Sed
372 3691 526 3782 leviora
543 3691 645 3782 haec.
703 3691 816 3781 nudi
835 3690 1033 3809 fingulote
1049 3693 1223 3809 aliquid,

151 3810 216 3901 mi
235 3804 371 3911 ¹lione,
415 3812 482 3896 cui
511 3812 727 3924 geminum
751 3805 861 3891 aliud
887 3834 971 3896 non
990 3812 1223 3923 invenerim

156 3946 247 4041 quo
264 3918 436 4025 demum
451 3923 593 4030 relato,
621 3922 922 4031 dabitisTu,&
941 3924 1121 4043 Optotus
1136 3940 1222 4025 me»,

703 4032 730 4129 f
752 4066 771 4179 5
1104 4056 1187 4193 us,

1286 4270 1307 4387 l
