2784 4625
582 287 802 342 ΕΞ
1167 231 1260 383 ω.

165 456 501 573 nnplislimarum
527 454 655 564 hujus
680 453 867 553 Ducatus
891 457 1242 564 pransuro-Lo,

163 573 384 685 neburgici
427 573 622 681 partium,
652 568 938 682 possessronem
984 572 1235 666 selicissimus

163 693 362 797 Princeps
380 683 521 772 nasius
541 686 618 787 est,
649 711 957 799 creveruntque
983 690 1084 778 adeo
1110 689 1235 803 plun'·
1279 765 1283 774 .

163 831 285 891 mum
300 828 434 885 annua
454 797 685 911 vesligalia5
710 802 830 885 etiam
848 799 962 889 solito
978 804 1073 919 plus
1091 804 1235 896 biblio·

162 914 505 1029 tlrecaeaugendae
528 912 757 1026 impensum
779 916 882 1019 osb„
1084 941 1088 949 ·
1222 1007 1226 1013 ,

276 1031 360 1115 “ln
376 1028 559 1114 emendis
575 1054 748 1140 quoque
766 1028 877 1114 libris
898 1058 944 1117 ea
967 1024 1048 1117 fuit
1073 1030 1233 1143 religio·

160 1173 212 1238 ne
229 1144 446 1255 Princeps,
476 1168 524 1229 ut
539 1170 636 1230 cum
655 1142 895 1232 Parlamenti
913 1139 1136 1231 Patistensrs
1155 1146 1233 1236 De

163 1283 279 1347 creto
297 1258 363 1343 illa
380 1258 486 1344 Emi.
504 1255 624 1343 Carti.
644 1256 845 1341 Mazarini
864 1263 1061 1365 omnium
1073 1263 1231 1370 optimc

163 1372 435 1471 bibliotheca,
462 1369 531 1457 vili
557 1375 689 1483 pretio
710 1370 1013 1476 distraheretur,
1038 1378 1230 1487 quamvis

164 1486 315 1580 essent,
353 1512 445 1599 quae
471 1485 652 1571 multum
678 1482 939 1580 defideraren
976 1491 1153 1573 vetuerit
1177 1511 1231 1580 ta

143 1629 262 1690 rnen
276 1601 485 1711 Princeps,
510 1596 719 1712 quidpiam
737 1596 827 1709 ejus
847 1598 917 1687 fibi
938 1606 1042 1705 emi,
1072 1589 1230 1715 nequid

163 1743 214 1802 ex
230 1715 299 1801 illa
316 1717 359 1812 in
383 1741 509 1808 omne
534 1742 669 1818 avum
690 1712 801 1800 haud
828 1735 981 1824 temere
1004 1714 1230 1805 excusanda

162 1831 426 1942 venditione,
457 1854 582 1941 quam
608 1828 706 1914 boni
729 1828 886 1939 publici
908 1855 1052 1916 amore
1081 1829 1230 1920 aversa
1286 1891 1289 1895 -

163 1944 307 2046 batur,
335 1940 439 2055 quid
455 1941 673 2027 adveniens
697 1942 802 2027 sacra
820 1946 1019 2061 Augusta
1039 1943 1115 2031 suae
1134 1971 1229 2034 con

161 2063 388 2150 ruminaret.
456 2058 599 2166 Quam·
621 2054 857 2169 generosam
883 2065 1078 2170 pietatem
1104 2057 1229 2171 prisii·

162 2202 223 2260 nae
248 2172 341 2285 post
365 2168 753 2260 felicitati-redditus
779 2167 1008 2259 Cardinalis
1024 2171 1121 2261 asiis
1137 2186 1227 2289 gta'·

159 2291 224 2376 tiis
244 2291 287 2378 dr
302 2281 492 2401 agnovit,
523 2285 805 2372 &admiratus
824 2286 928 2388 cib„
1213 2320 1218 2329 ·
1254 2350 1256 2355 .

280 2401 544 2501 “Volumina
685 2403 739 2485 ita
778 2399 879 2483 mihi
914 2398 1063 2487 dicitur
1095 2405 1230 2492 omnis

159 2516 251 2628 ejus
275 2518 439 2632 generis
466 2515 594 2616 liber,
623 2516 697 2628 qui
724 2510 861 2625 reapse
884 2510 1092 2601 distinslus
1111 2511 1231 2601 subsi-

157 2635 224 2717 slit
340 2629 465 2716 habet
487 2628 745 2716 Bibliotheca
772 2626 883 2743 quast
907 2625 1071 2716 vicedes
1103 2625 1229 2718 odies
1275 2677 1279 2685 ·

158 2743 286 2849 mille,
297 2803 323 2849 ‚,
738 2799 741 2807 ,
1213 2778 1218 2803 ι

217 2950 220 2957 ,
280 2856 415 2947 “Non
440 2855 529 2947 sane
552 2853 782 2943 destituitur
813 2858 933 2941 etiarn
966 2852 1228 2965 Mlcptorurn

162 2974 306 3081 copia,
344 2997 393 3060 ut
412 2997 597 3086 quorum
615 2970 737 3082 possis
753 2969 810 3055 ibi
826 2992 1042 3054 numerare
1057 2968 1121 3061 bis
1138 2966 1228 3054 mil

161 3083 203 3170 le
228 3090 386 3173 circiter
412 3110 591 3198 grecos,
628 3083 797 3196 latinos,
836 3077 1075 3181 hebraicos,
1104 3079 1229 3175 arabi·

163 3225 259 3303 cos,
287 3201 543 3312 aliarumque
566 3199 826 3310 linguatum,
857 3197 901 3287 dr
931 3194 1101 3309 quidem
1127 3197 1229 3306 opti·

163 3340 241 3398 mae
267 3340 373 3399 notae
399 3337 574 3415 omncs,
624 3314 863 3424 complures
893 3309 1091 3422 hasienus
1121 3315 1231 3421 typis

159 3452 244 3513 non
268 3427 451 3516 excusos.
510 3429 558 3514 ln
584 3453 769 3540 quorum
793 3423 1090 3537 conquifitione
1108 3425 1231 3507 etiam

161 3541 273 3629 illam
295 3538 532 3642 felicitatem
551 3538 623 3626 sbi
648 3538 858 3649 contigisse
874 3537 1053 3648 impense
1070 3537 1230 3623 laetattr

162 3655 361 3769 Princeps
385 3660 588 3770 optimus,
619 3653 736 3769 quod
755 3652 858 3740 dum
877 3649 1005 3738 ardua
1023 3651 1229 3762 Sereniffi·

161 3798 245 3858 rnae
271 3770 422 3858 domus
453 3773 617 3885 negotia
640 3766 913 3881 Rudolphum
943 3765 994 3854 ll.
1018 3769 1061 3856 dr
1081 3762 1230 3852 Perdi·
1268 3817 1284 3828 -.

166 3880 1231 3998 nandunll.imperatorcsvindobonaeadire,cunr·

614 4063 616 4067 ·
713 4025 801 4115 24
1068 4017 1176 4107 PU·
