2784 4625
575 327 776 376 m
1163 327 1222 409 ff:

141 490 376 590 modiorem
402 493 546 578 ceteris
569 493 828 592 inveneram,
871 490 1011 579 multis
1032 489 1205 610 altisque

141 612 245 694 votis
270 605 581 717 crepusculum,
611 605 677 691 vel
698 604 863 692 nossem
887 606 1113 720 plenilunio
1130 611 1205 699 cla·

146 748 229 809 rom
252 720 482 828 ¹advocans:
513 721 582 805 ofi
610 745 721 807 nunc
743 719 930 814 solitario,
957 724 1052 828 dixi,
1085 725 1202 831 mihi,

145 860 188 922 ut
205 834 347 934 solent,
365 837 476 950 siqua
493 834 685 923 sexcentis
701 834 922 937 insomniis,
940 837 1215 952 siquovatum''

146 952 384 1038 testimoniis
413 949 539 1052 fides,
571 951 722 1036 Manes
752 949 879 1036 nonu
911 950 1000 1038 loeo
1027 952 1210 1058 adsueta,

146 1062 1216 1176 amotoquerepetere,CheruscorumveterumOffia·'

146 1204 222 1265 nus
244 1180 415 1292 aliquis,
442 1180 551 1293 gello
569 1177 776 1288 majorum
792 1179 843 1266 ad
864 1181 1073 1290 cytharam
1092 1208 1214 1269 cono·

145 1293 230 1381 ret?
272 1291 449 1404 autipsr
482 1295 564 1379 huc
592 1315 845 1380 conventum
872 1294 1051 1382 redirent
1088 1295 1204 1407 prisci

146 1407 304 1493 Heroes
330 1405 669 1520 populorumque
693 1404 846 1510 Duces,
871 1409 919 1495 od
939 1409 1029 1497 loca
1046 1406 1126 1500 suis
1147 1405 1210 1500 fn·¹

147 1519 217 1608 slis
234 1516 397 1623 famoso,
415 1519 796 1635 quincouspeclum
812 1519 1007 1638 fugerent
1021 1546 1091 1612 aut
1107 1551 1206 1614 con·

147 1633 344 1722 scientiam
365 1637 541 1752 hominis
558 1635 693 1722 adhuc
713 1629 883 1749 quidem
904 1638 1100 1744 mortalis,
1118 1643 1214 1729 non

148 1763 282 1836 tomen
304 1750 358 1836 ab
374 1754 486 1838 omui
502 1777 600 1838 cum
619 1752 796 1838 mortuis
819 1749 1111 1840 'consuetudine
1133 1756 1204 1842 ab·

148 1862 374 1954 horrentisl
407 1885 410 1890 '
1211 1867 1216 1876 ’

259 1978 483 2081 Academia,
514 2003 606 2092 quoe
623 1980 664 2061 in
681 1977 757 2064 hoe
775 1974 880 2062 urbe
894 1976 1037 2080 lloret,
1062 1974 1218 2074 funda-z

147 2113 182 2177 to
197 2094 254 2178 est
272 2117 381 2178 rnno
399 2090 521 2179 seculi
538 2092 651 2178 XVI.
675 2091 811 2210 septu'o
843 2090 967 2178 estmo
993 2091 1162 2207 septimo
1183 2119 1207 2183 a

147 2201 260 2308 sorti,
274 2207 330 2293 ·&
346 2210 612 2323 magnanimo
627 2119 956 2321 principeffiulio,
984 2206 1079 2294 hinc
1097 2207 1216 2294 scho·'

147 2319 182 2407 lo
197 2320 307 2435 Julia
330 2345 468 2408 vocato
497 2348 617 2434 aeque
634 2347 681 2407 ut
696 2319 1020 2432 Herbipolitano.
1077 2325 1219 2411 Viros?

147 2437 376 2548 Contingio
407 2438 451 2525 &
478 2435 665 2551 Georgio
698 2434 863 2553 Calixto
892 2434 1092 2545 majores,
1134 2440 1222 2533 vix.

149 2549 251 2636 tulit.
310 2549 402 2637 Post
426 2546 641 2637 Colixtum
681 2547 795 2636 hunc
824 2550 931 2635 inter
961 2549 1223 2667 Theologos-

149 2662 487 2775 Helmstadienses
512 2669 780 2750 eminuerunt
807 2663 992 2778 Joannes
1019 2664 1218 2755 Andreas

150 2776 403 2879 Schmidius,
451 2780 534 2865 mo'
552 2806 652 2864 num
700 2777 874 2863 historiae
923 2775 1219 2884 ecc-lesrosticae,

149 2916 274 3006 quom
295 2890 479 2980 Colimus
520 2920 589 2980 ere
614 2890 720 2979 solus
749 2915 831 2978 una
849 2912 949 2977 cum
973 2891 1138 2997 Theoi
1174 2896 1218 2985 ic·

148 3004 293 3111 morali
310 3008 351 3090 in
368 3005 508 3093 lucem
526 3030 752 3107 revocator,
783 3003 1038 3116 praefidiuntr
1069 3006 1113 3092 oz
1166 3024 1210 3095 o'·

148 3144 272 3209 mnes
295 3118 526 3223 Fabricius,
565 3123 665 3235 regii
684 3117 957 3206 Lotluriensts
981 3122 1218 3225 monosterii

151 3234 296 3334 obbas,
327 3232 548 3349 theologici
573 3234 750 3346 responsi
774 3230 941 3334 eustor,
979 3242 1069 3347 quo·
1087 3234 1215 3324 addus

153 3349 321 3436 cebatur
339 3346 481 3435 Caroli
501 3351 575 3438 Vl.
594 3347 746 3461 sponsa,
767 3351 959 3461 princeps
979 3349 1216 3463 Quelpheo

150 3464 323 3576 bytana,
348 3486 397 3549 ut
419 3462 471 3549 od
495 3461 714 3551 Catholica
734 3460 839 3548 sacro
861 3463 1061 3567 transiret,
1106 3492 1222 3555 uter*

103 3638 108 3673 ,
151 3574 759 3702 qucLeibnizioamicillimu53
781 3577 917 3688 pollea
934 3578 1218 3687 Moshemius,

150 3702 214 3791 vir
228 3694 401 3799 maximi,
414 3695 521 3781 inter
539 3690 760 3803 theologos
777 3690 1011 3780 nominis&
1028 3699 1175 3792 meriti.

97 3706 108 3935 l
255 3804 441 3898 Alterius
459 3806 616 3895 ordinis
633 3796 893 3918 professores,
916 3811 988 3919 qui
1006 3807 1222 3923 quondam

95 3937 105 4097 ι
148 3924 258 4017 hanc
280 3920 543 4013 Academiam
562 3919 824 4018 illustrarunt,
848 3924 909 4009 uti
925 3925 1010 4011 oon
1029 3945 1110 4011 tam
1126 3948 1221 4036 pro·

95 4124 104 4343 l
693 4142 722 4295 χ
1112 4062 1255 4272 ¹²⁰2
