2784 4625
199 315 270 376 ενι
454 269 457 274 ⁸
626 289 909 371 μ,

137 513 140 518 -
198 449 384 552 mensam
399 450 723 561 adeolibrorutn
740 458 924 567 copiam,
959 465 1009 544 u't
1028 459 1273 576 congestam

201 573 313 687 justo
340 567 485 657 ordine
509 565 716 680 disponas:
749 569 1000 676 incredibilis
1019 578 1195 664 uero-est
1211 583 1271 678 ini

204 686 368 776 dustria
388 707 514 796 opus,
546 681 689 780 Indicis
704 681 884 771 adcurati
903 682 1160 795 conubio„

292 797 542 887 “Admotus
557 796 614 880 est
627 794 713 906 j‘atn
730 825 837 885 anno
854 797 976 885 seculi
992 804 1130 889 XVll.
1149 808 1270 921 trigel

155 1015 159 1020 ,
204 913 310 1004 fimo
324 909 475 1027 quarto
490 936 568 1023 per
582 910 748 1017 obitum
767 911 960 1001 Friderici
983 915 1107 1003 Ulrici
1122 919 1270 1024 D'ucis3

201 1031 394 1144 regimini
417 1024 750 1137 amplissimarurn
770 1031 1027 1142 regionum3-
1043 1031 1086 1117 ἃ
1103 1057 1273 1146 excepe-

202 1141 455 1232 runt‘illurn
488 1145 881 1252 tempora,maxinre
912 1144 1171 1250 turbulenta,
1194 1239 1196 1244 ,
1222 1151 1270 1244 &‘

163 1359 165 1364 y
206 1255 404 1366 difficilia,
440 1253 572 1368 qualia
597 1253 998 1372 totos-ostingentos
1023 1287 1172 1364 annos,
1216 1290 1270 1352 ex

202 1398 293 1487 quo
312 1365 495 1478 universa
511 1371 736 1459 Germania
760 1397 892 1456 unum
911 1372 1115 1487 sceptrum
1141 1380 1270 1488 caepit

201 1486 357 1587 colere,
393 1483 572 1593 llllajores
595 1488 755 1597 experti
779 1485 888 1572 haud
916 1514 1048 1588 erant:
1079 1515 1172 1603 quae
1197 1491 1270 1580 diu

200 1598 417 1710 nodluque
447 1599 645 1709 Principis
674 1602 861 1685 animum
888 1599 1127 1689 indefellum
1158 1632 1271 1692 exer·

200 1736 393 1801 cuerunt.
438 1711 584 1827 Jurare
597 1740 735 1799 tameo
755 1713 826 1799 tibi
844 1716 983 1817 ausim,
1001 1717 1209 1806 Boinebur
1243 1723 1269 1822 i,

202 1827 305 1918 nihil
329 1828 381 1914 ab
405 1826 476 1915 illo
505 1854 643 1942 usque
670 1834 923 1939 temporalo
950 1831 1160 1943 republica
1189 1862 1212 1917 e
1247 1863 1271 1921 c

202 1944 388 2056 gestum,
413 1946 615 2058 quantivis
633 1941 760 2030 saltim
778 1942 893 2038 usus,
924 1945 1109 2058 Principe
1129 1952 1271 2054 incon,

200 2055 338 2152 fulto:
361 2055 730 2169 'imo'negltclum
755 2058 855 2143 nihil
880 2088 901 2144 a
931 2060 1118 2173 Rrineipe
1144 2058 1270 2154 etiam

197 2198 371 2277 eorum,
402 2200 494 2285 quae
517 2171 736 2272 adtendere
754 2171 852 2257 boni
870 2174 1049 2287 &gnavi
1067 2176 1124 2260 est
1138 2174 1279 2264 Patris

197 2284 381 2379 familias.
413 2287 483 2374 Est
502 2312 641 2395 autem
658 2312 799 2374 rerunt
822 2287 1024 2398 ejusmodi
1045 2288 1270 2397 multitudo

198 2401 512 2518 propemodum
540 2402 714 2514 infinita3
751 2405 1092 2503 concurrentibus
1119 2403 1267 2495 scilicet

197 2518 250 2606 ad
273 2517 457 2630 opulenti
485 2519 717 2629 patrimonii
744 2519 787 2604 81
805 2516 931 2624 hujus
950 2517 1136 2617 Ducatus
1155 2548 1268 2607 cura·

197 2638 355 2721 tionem
374 2630 573 2745 perquanr
590 2658 760 2745 gravem
782 2658 829 2718 ac
855 2628 1060 2733 diffusam,
1089 2639 1267 2749 negotiis

200 2774 300 2838 cum
343 2745 536 2847 saxonici,
585 2772 714 2857 quern
745 2769 913 2847 vocant,
965 2746 1126 2850 circuli,
1175 2771 1266 2853 turn

104 2880 111 2927 ¹
199 2861 378 2959 universi
401 2861 560 2972 imperii
585 2861 934 2972 Germanici-pari
954 2857 1148 2947 industria
1175 2890 1268 2969 exe,-

234 2975 393 3065 uendis.
453 2974 608 3058 lnterea
633 2981 767 3059 tamen
793 2999 951 3059 tantum
972 2974 1102 3079 abest,
1134 2974 1267 3065 remis·

200 3003 285 3181 lam
304 3085 382 3175 elle
398 3091 609 3201 ingentem
628 3088 736 3174 illam
753 3087 1013 3176 Bibliothecae
1035 3116 1191 3195 curam,
1217 3115 1265 3189 ut

196 3209 339 3318 potius
357 3210 469 3288 tanto
486 3230 531 3287 ea
550 3206 726 3290 creverit
743 3206 887 3317 magis,
909 3226 1113 3316 quantum
1130 3210 1265 3321 magis

173 3318 354 3410 sacceffit
369 3313 580 3404 facultatis.
638 3318 796 3417 Merito
816 3320 979 3429 optimo
1002 3322 1159 3428 poterit
1177 3321 1266 3434 glo-

195 3434 288 3524 riori
308 3431 462 3534 noster,
493 3430 625 3517 media
641 3433 746 3515 inter
763 3431 888 3516 ardua
909 3459 1086 3548 quaque
1104 3435 1147 3525 de
1163 3433 1266 3523 diffi-

197 3544 347 3645 cillima
370 3545 626 3657 reipublice,
673 3573 719 3633 ac
743 3544 896 3631 domus
921 3551 1087 3662 negotia
1109 3548 1264 3635 vacalle

193 3658 234 3750 se
248 3657 444 3749 haetenus
469 3661 665 3774 Augustae
688 3659 765 3747 suar
782 3664 1056 3767 incremento,
1086 3687 1134 3748 ut
1150 3663 1265 3774 apud

189 3771 415 3875 Lucanum
431 3774 573 3894 Julius
593 3771 727 3866 Caesar
744 3774 948 3894 AEgyptio
968 3774 1166 3868 sacerdoti
1185 3777 1247 3873 les.

155 3982 160 3990 .
189 3887 414 4009 jaditavit:
1256 3962 1258 3967 -

1064 4017 1066 4021 ’
1091 4005 1200 4098 ‘'Me-
