<?xml version="1.0" encoding="UTF-8"?>
<!DOCTYPE html PUBLIC "-//W3C//DTD XHTML 1.0 Transitional//EN"
    "http://www.w3.org/TR/xhtml1/DTD/xhtml1-transitional.dtd">
<html xmlns="http://www.w3.org/1999/xhtml" xml:lang="en" lang="en">
 <head>
  <title>
</title>
<meta http-equiv="Content-Type" content="text/html;charset=utf-8" />
  <meta name='ocr-system' content='tesseract 3.04.00' />
  <meta name='ocr-capabilities' content='ocr_page ocr_carea ocr_par ocr_line ocrx_word'/>
</head>
<body>
  <div class='ocr_page' id='page_1' title='image "./operaomniasanct01librgoog_0135.png"; bbox 0 0 2784 4625; ppageno 0'>
   <div class='ocr_carea' id='block_1_1' title="bbox 575 324 1208 408">
    <p class='ocr_par' dir='ltr' id='par_1_1' title="bbox 575 324 1208 408">
     <span class='ocr_line' id='line_1_1' title="bbox 575 324 1208 408; baseline -0.003 2"><span class='ocrx_word' id='word_1_1' title='bbox 575 324 805 380; x_wconf 35' lang='lat' dir='ltr'><strong>‘a&#39;</strong></span> <span class='ocrx_word' id='word_1_2' title='bbox 1099 346 1208 408; x_wconf 63' lang='lat' dir='ltr'>:CXXV</span> 
     </span>
    </p>
   </div>
   <div class='ocr_carea' id='block_1_2' title="bbox 126 485 1285 3681">
    <p class='ocr_par' dir='ltr' id='par_1_2' title="bbox 126 485 1285 3681">
     <span class='ocr_line' id='line_1_2' title="bbox 142 485 1206 608; baseline 0.003 -26"><span class='ocrx_word' id='word_1_3' title='bbox 142 485 722 608; x_wconf 77' lang='lat' dir='ltr'><strong>riipaedagogicifimdamenta</strong></span> <span class='ocrx_word' id='word_1_4' title='bbox 737 486 1206 607; x_wconf 77' lang='lat' dir='ltr'><strong>aKoppiujrcimerque</strong></span> 
     </span>
     <span class='ocr_line' id='line_1_3' title="bbox 139 600 1205 721; baseline 0.008 -27"><span class='ocrx_word' id='word_1_5' title='bbox 139 610 378 721; x_wconf 87' lang='lat' dir='ltr'><strong>pro-operis</strong></span> <span class='ocrx_word' id='word_1_6' title='bbox 400 600 510 692; x_wconf 87' lang='lat' dir='ltr'><strong>felici</strong></span> <span class='ocrx_word' id='word_1_7' title='bbox 536 602 711 692; x_wconf 67' lang='lat' dir='ltr'><strong>successu</strong></span> <span class='ocrx_word' id='word_1_8' title='bbox 728 632 827 694; x_wconf 87' lang='lat' dir='ltr'><strong>cum</strong></span> <span class='ocrx_word' id='word_1_9' title='bbox 844 602 921 692; x_wconf 87' lang='lat' dir='ltr'><strong>suis</strong></span> <span class='ocrx_word' id='word_1_10' title='bbox 937 629 1032 692; x_wconf 77' lang='lat' dir='ltr'><strong>vote</strong></span> <span class='ocrx_word' id='word_1_11' title='bbox 1048 607 1205 703; x_wconf 86' lang='lat' dir='ltr'><strong>miscui.</strong></span> 
     </span>
     <span class='ocr_line' id='line_1_4' title="bbox 142 716 1204 832; baseline -0.001 -21"><span class='ocrx_word' id='word_1_12' title='bbox 142 719 346 811; x_wconf 86' lang='lat' dir='ltr'><strong>Reversus</strong></span> <span class='ocrx_word' id='word_1_13' title='bbox 365 722 455 832; x_wconf 93' lang='lat' dir='ltr'><strong>post</strong></span> <span class='ocrx_word' id='word_1_14' title='bbox 471 721 686 808; x_wconf 87' lang='lat' dir='ltr'>biennium</span> <span class='ocrx_word' id='word_1_15' title='bbox 709 746 761 806; x_wconf 89' lang='lat' dir='ltr'><strong>eo</strong></span> <span class='ocrx_word' id='word_1_16' title='bbox 783 717 863 831; x_wconf 83' lang='lat' dir='ltr'><strong>jam</strong></span> <span class='ocrx_word' id='word_1_17' title='bbox 882 716 1129 830; x_wconf 73' lang='lat' dir='ltr'><strong>perdudium</strong></span> <span class='ocrx_word' id='word_1_18' title='bbox 1146 727 1204 811; x_wconf 89' lang='lat' dir='ltr'><strong>in-</strong></span> 
     </span>
     <span class='ocr_line' id='line_1_5' title="bbox 126 832 1207 949; baseline 0.001 -25"><span class='ocrx_word' id='word_1_19' title='bbox 126 840 259 938; x_wconf 65' lang='lat' dir='ltr'><strong>ueni,</strong></span> <span class='ocrx_word' id='word_1_20' title='bbox 289 838 452 948; x_wconf 83' lang='lat' dir='ltr'><strong>utrix,</strong></span> <span class='ocrx_word' id='word_1_21' title='bbox 490 833 605 949; x_wconf 89' lang='lat' dir='ltr'><strong>quod</strong></span> <span class='ocrx_word' id='word_1_22' title='bbox 630 858 758 946; x_wconf 89' lang='lat' dir='ltr'><strong>porro</strong></span> <span class='ocrx_word' id='word_1_23' title='bbox 780 832 1044 922; x_wconf 79' lang='lat' dir='ltr'><strong>desiderarem</strong></span> <span class='ocrx_word' id='word_1_24' title='bbox 1071 833 1207 949; x_wconf 86' lang='lat' dir='ltr'><strong>super·</strong></span> 
     </span>
     <span class='ocr_line' id='line_1_6' title="bbox 139 946 1204 1063; baseline 0.001 -27"><span class='ocrx_word' id='word_1_25' title='bbox 139 948 221 1037; x_wconf 84' lang='lat' dir='ltr'><strong>eise</strong></span> <span class='ocrx_word' id='word_1_26' title='bbox 239 946 592 1063; x_wconf 82' lang='lat' dir='ltr'><strong>deprehenderim.</strong></span> <span class='ocrx_word' id='word_1_27' title='bbox 649 947 808 1036; x_wconf 80' lang='lat' dir='ltr'>Scholae</span> <span class='ocrx_word' id='word_1_28' title='bbox 825 948 990 1034; x_wconf 77' lang='lat' dir='ltr'><strong>adnexae</strong></span> <span class='ocrx_word' id='word_1_29' title='bbox 1006 948 1110 1036; x_wconf 82' lang='lat' dir='ltr'><strong>ultra</strong></span> <span class='ocrx_word' id='word_1_30' title='bbox 1126 974 1204 1037; x_wconf 73' lang='lat' dir='ltr'><strong>tre·</strong></span> 
     </span>
     <span class='ocr_line' id='line_1_7' title="bbox 141 1060 1204 1177; baseline 0.001 -25"><span class='ocrx_word' id='word_1_31' title='bbox 141 1087 285 1152; x_wconf 83' lang='lat' dir='ltr'><strong>centos</strong></span> <span class='ocrx_word' id='word_1_32' title='bbox 302 1066 519 1177; x_wconf 88' lang='lat' dir='ltr'><strong>utriusque</strong></span> <span class='ocrx_word' id='word_1_33' title='bbox 536 1060 667 1164; x_wconf 84' lang='lat' dir='ltr'><strong>sexus,</strong></span> <span class='ocrx_word' id='word_1_34' title='bbox 697 1089 720 1147; x_wconf 82' lang='lat' dir='ltr'>a</span> <span class='ocrx_word' id='word_1_35' title='bbox 737 1087 896 1175; x_wconf 86' lang='lat' dir='ltr'><strong>quarto,</strong></span> <span class='ocrx_word' id='word_1_36' title='bbox 928 1060 979 1147; x_wconf 82' lang='lat' dir='ltr'><strong>ad</strong></span> <span class='ocrx_word' id='word_1_37' title='bbox 994 1060 1204 1153; x_wconf 87' lang='lat' dir='ltr'><strong>decimum</strong></span> 
     </span>
     <span class='ocr_line' id='line_1_8' title="bbox 137 1172 1205 1294; baseline -0.003 -27"><span class='ocrx_word' id='word_1_38' title='bbox 137 1189 344 1294; x_wconf 83' lang='lat' dir='ltr'><strong>&#39;quartum</strong></span> <span class='ocrx_word' id='word_1_39' title='bbox 363 1203 498 1290; x_wconf 84' lang='lat' dir='ltr'><strong>usque</strong></span> <span class='ocrx_word' id='word_1_40' title='bbox 513 1180 637 1265; x_wconf 81' lang='lat' dir='ltr'><strong>aetatis</strong></span> <span class='ocrx_word' id='word_1_41' title='bbox 656 1201 812 1262; x_wconf 81' lang='lat' dir='ltr'><strong>annum</strong></span> <span class='ocrx_word' id='word_1_42' title='bbox 829 1172 1046 1289; x_wconf 83' lang='lat' dir='ltr'><strong>discipulos</strong></span> <span class='ocrx_word' id='word_1_43' title='bbox 1064 1203 1205 1264; x_wconf 90' lang='lat' dir='ltr'><strong>nume·</strong></span> 
     </span>
     <span class='ocr_line' id='line_1_9' title="bbox 143 1288 1239 1406; baseline 0 -27"><span class='ocrx_word' id='word_1_44' title='bbox 143 1316 255 1395; x_wconf 80' lang='lat' dir='ltr'><strong>rant,</strong></span> <span class='ocrx_word' id='word_1_45' title='bbox 301 1294 376 1405; x_wconf 89' lang='lat' dir='ltr'><strong>qui</strong></span> <span class='ocrx_word' id='word_1_46' title='bbox 396 1294 612 1378; x_wconf 86' lang='lat' dir='ltr'>maximam</span> <span class='ocrx_word' id='word_1_47' title='bbox 629 1313 788 1402; x_wconf 85' lang='lat' dir='ltr'><strong>partem</strong></span> <span class='ocrx_word' id='word_1_48' title='bbox 805 1317 827 1375; x_wconf 85' lang='lat' dir='ltr'>a</span> <span class='ocrx_word' id='word_1_49' title='bbox 844 1288 1096 1406; x_wconf 72' lang='lat' dir='ltr'><strong>pedagogici</strong></span> <span class='ocrx_word' id='word_1_50' title='bbox 1115 1318 1206 1380; x_wconf 92' lang='lat' dir='ltr'><strong>mu·</strong></span> <span class='ocrx_word' id='word_1_51' title='bbox 1237 1313 1239 1318; x_wconf 78' lang='grc'>’</span> 
     </span>
     <span class='ocr_line' id='line_1_10' title="bbox 144 1400 1206 1514; baseline 0 -20"><span class='ocrx_word' id='word_1_52' title='bbox 144 1412 253 1495; x_wconf 87' lang='lat' dir='ltr'><strong>neris</strong></span> <span class='ocrx_word' id='word_1_53' title='bbox 269 1403 522 1506; x_wconf 85' lang='lat' dir='ltr'><strong>Candidatis,</strong></span> <span class='ocrx_word' id='word_1_54' title='bbox 551 1403 675 1514; x_wconf 83' lang='lat' dir='ltr'><strong>hujus</strong></span> <span class='ocrx_word' id='word_1_55' title='bbox 693 1400 890 1490; x_wconf 81' lang='lat' dir='ltr'><strong>seminarii</strong></span> <span class='ocrx_word' id='word_1_56' title='bbox 910 1403 1084 1492; x_wconf 79' lang='lat' dir='ltr'><strong>alumnis</strong></span> <span class='ocrx_word' id='word_1_57' title='bbox 1101 1406 1206 1494; x_wconf 91' lang='lat' dir='ltr'><strong>insti·</strong></span> 
     </span>
     <span class='ocr_line' id='line_1_11' title="bbox 141 1514 1270 1631; baseline 0 -23"><span class='ocrx_word' id='word_1_58' title='bbox 141 1543 350 1630; x_wconf 80' lang='lat' dir='ltr'><strong>ruuntur3</strong></span> <span class='ocrx_word' id='word_1_59' title='bbox 379 1542 428 1606; x_wconf 90' lang='lat' dir='ltr'><strong>ut</strong></span> <span class='ocrx_word' id='word_1_60' title='bbox 452 1517 494 1603; x_wconf 93' lang='lat' dir='ltr'><strong>hi</strong></span> <span class='ocrx_word' id='word_1_61' title='bbox 523 1516 808 1631; x_wconf 79' lang='lat' dir='ltr'><strong>paedagogiem</strong></span> <span class='ocrx_word' id='word_1_62' title='bbox 835 1514 985 1607; x_wconf 80' lang='lat' dir='ltr'><strong>discant</strong></span> <span class='ocrx_word' id='word_1_63' title='bbox 1008 1545 1092 1606; x_wconf 92' lang='lat' dir='ltr'><strong>non</strong></span> <span class='ocrx_word' id='word_1_64' title='bbox 1123 1542 1208 1608; x_wconf 86' lang='lat' dir='ltr'><strong>tan·</strong></span> <span class='ocrx_word' id='word_1_65' title='bbox 1268 1587 1270 1594; x_wconf 69' lang='lat'><em>,</em></span> 
     </span>
     <span class='ocr_line' id='line_1_12' title="bbox 131 1629 1205 1745; baseline 0.004 -23"><span class='ocrx_word' id='word_1_66' title='bbox 131 1659 240 1722; x_wconf 90' lang='lat' dir='ltr'><strong>-rum</strong></span> <span class='ocrx_word' id='word_1_67' title='bbox 263 1632 469 1720; x_wconf 85' lang='lat' dir='ltr'><strong>audiendo</strong></span> <span class='ocrx_word' id='word_1_68' title='bbox 486 1650 706 1745; x_wconf 75' lang='lat' dir='ltr'><strong>praecepta,</strong></span> <span class='ocrx_word' id='word_1_69' title='bbox 727 1629 803 1716; x_wconf 86' lang='lat' dir='ltr'><strong>sed</strong></span> <span class='ocrx_word' id='word_1_70' title='bbox 820 1636 940 1717; x_wconf 83' lang='lat' dir='ltr'><strong>etiam</strong></span> <span class='ocrx_word' id='word_1_71' title='bbox 957 1632 1205 1739; x_wconf 85' lang='lat' dir='ltr'><strong>exercendo,</strong></span> 
     </span>
     <span class='ocr_line' id='line_1_13' title="bbox 145 1746 1208 1862; baseline 0 -28"><span class='ocrx_word' id='word_1_72' title='bbox 145 1750 345 1862; x_wconf 82' lang='lat' dir='ltr'><strong>dirigente</strong></span> <span class='ocrx_word' id='word_1_73' title='bbox 373 1750 610 1836; x_wconf 79' lang='lat' dir='ltr'><strong>exercitium</strong></span> <span class='ocrx_word' id='word_1_74' title='bbox 629 1746 721 1846; x_wconf 91' lang='lat' dir='ltr'>hoc,</span> <span class='ocrx_word' id='word_1_75' title='bbox 738 1750 863 1833; x_wconf 89' lang='lat' dir='ltr'><strong>totius</strong></span> <span class='ocrx_word' id='word_1_76' title='bbox 880 1746 1050 1832; x_wconf 90' lang='lat' dir='ltr'><strong>Instituti</strong></span> <span class='ocrx_word' id='word_1_77' title='bbox 1067 1746 1208 1834; x_wconf 87' lang='lat' dir='ltr'><strong>mode·</strong></span> 
     </span>
     <span class='ocr_line' id='line_1_14' title="bbox 150 1855 1208 1975; baseline -0.003 -25"><span class='ocrx_word' id='word_1_78' title='bbox 150 1855 1208 1975; x_wconf 71' lang='lat' dir='ltr'><strong>ratore&amp;quotidinnoferetesteacarbitrodioppio.</strong></span> 
     </span>
     <span class='ocr_line' id='line_1_15' title="bbox 271 1971 1207 2086; baseline 0.002 -24"><span class='ocrx_word' id='word_1_79' title='bbox 271 1976 365 2062; x_wconf 89' lang='lat' dir='ltr'><strong>Hoc</strong></span> <span class='ocrx_word' id='word_1_80' title='bbox 395 1978 649 2086; x_wconf 83' lang='lat' dir='ltr'><strong>praecipuum</strong></span> <span class='ocrx_word' id='word_1_81' title='bbox 684 1971 795 2060; x_wconf 90' lang='lat' dir='ltr'><strong>mihi</strong></span> <span class='ocrx_word' id='word_1_82' title='bbox 820 1974 973 2062; x_wconf 86' lang='lat' dir='ltr'><strong>habere</strong></span> <span class='ocrx_word' id='word_1_83' title='bbox 1003 1971 1091 2061; x_wconf 84' lang='lat' dir='ltr'><strong>visae</strong></span> <span class='ocrx_word' id='word_1_84' title='bbox 1115 1974 1207 2064; x_wconf 84' lang='lat' dir='ltr'><strong>sunt</strong></span> 
     </span>
     <span class='ocr_line' id='line_1_16' title="bbox 151 2085 1209 2205; baseline 0.001 -29"><span class='ocrx_word' id='word_1_85' title='bbox 151 2087 296 2177; x_wconf 79' lang='lat' dir='ltr'><strong>icholae</strong></span> <span class='ocrx_word' id='word_1_86' title='bbox 324 2085 386 2173; x_wconf 82' lang='lat' dir='ltr'><strong>hae</strong></span> <span class='ocrx_word' id='word_1_87' title='bbox 410 2086 662 2203; x_wconf 64' lang='lat' dir='ltr'><strong>Koppianae5</strong></span> <span class='ocrx_word' id='word_1_88' title='bbox 691 2086 807 2201; x_wconf 88' lang='lat' dir='ltr'><strong>quod</strong></span> <span class='ocrx_word' id='word_1_89' title='bbox 832 2114 918 2177; x_wconf 88' lang='lat' dir='ltr'><strong>non</strong></span> <span class='ocrx_word' id='word_1_90' title='bbox 943 2088 1102 2205; x_wconf 82' lang='lat' dir='ltr'><strong>puellas</strong></span> <span class='ocrx_word' id='word_1_91' title='bbox 1126 2111 1209 2177; x_wconf 80' lang='lat' dir='ltr'><strong>tan·</strong></span> 
     </span>
     <span class='ocr_line' id='line_1_17' title="bbox 151 2196 1209 2312; baseline 0.002 -22"><span class='ocrx_word' id='word_1_92' title='bbox 151 2228 266 2304; x_wconf 90' lang='lat' dir='ltr'><strong>tum,</strong></span> <span class='ocrx_word' id='word_1_93' title='bbox 304 2196 373 2288; x_wconf 88' lang='lat' dir='ltr'><strong>sed</strong></span> <span class='ocrx_word' id='word_1_94' title='bbox 400 2205 518 2287; x_wconf 86' lang='lat' dir='ltr'><strong>etiam</strong></span> <span class='ocrx_word' id='word_1_95' title='bbox 544 2200 698 2287; x_wconf 82' lang='lat' dir='ltr'><strong>tenellae</strong></span> <span class='ocrx_word' id='word_1_96' title='bbox 722 2205 846 2287; x_wconf 85' lang='lat' dir='ltr'><strong>aetatis</strong></span> <span class='ocrx_word' id='word_1_97' title='bbox 869 2222 1022 2312; x_wconf 74' lang='lat' dir='ltr'><strong>pueros</strong></span> <span class='ocrx_word' id='word_1_98' title='bbox 1048 2224 1209 2292; x_wconf 76' lang='lat' dir='ltr'><strong>textura</strong></span> 
     </span>
     <span class='ocr_line' id='line_1_18' title="bbox 151 2312 1207 2428; baseline -0.001 -23"><span class='ocrx_word' id='word_1_99' title='bbox 151 2318 331 2418; x_wconf 81' lang='lat' dir='ltr'><strong>aenaria,</strong></span> <span class='ocrx_word' id='word_1_100' title='bbox 362 2312 451 2401; x_wconf 79' lang='lat' dir='ltr'><strong>data</strong></span> <span class='ocrx_word' id='word_1_101' title='bbox 469 2319 512 2399; x_wconf 94' lang='lat' dir='ltr'><strong>in</strong></span> <span class='ocrx_word' id='word_1_102' title='bbox 534 2314 646 2401; x_wconf 88' lang='lat' dir='ltr'><strong>hunc</strong></span> <span class='ocrx_word' id='word_1_103' title='bbox 664 2314 787 2401; x_wconf 86' lang='lat' dir='ltr'><strong>finem</strong></span> <span class='ocrx_word' id='word_1_104' title='bbox 806 2315 931 2424; x_wconf 85' lang='lat' dir='ltr'><strong>hujus</strong></span> <span class='ocrx_word' id='word_1_105' title='bbox 954 2315 1104 2428; x_wconf 90' lang='lat' dir='ltr'><strong>opificii</strong></span> <span class='ocrx_word' id='word_1_106' title='bbox 1125 2345 1207 2404; x_wconf 87' lang='lat' dir='ltr'><strong>ma·</strong></span> 
     </span>
     <span class='ocr_line' id='line_1_19' title="bbox 151 2426 1275 2546; baseline -0.001 -28"><span class='ocrx_word' id='word_1_107' title='bbox 151 2429 434 2546; x_wconf 81' lang='lat' dir='ltr'><strong>gistrr,soleant</strong></span> <span class='ocrx_word' id='word_1_108' title='bbox 449 2453 674 2540; x_wconf 83' lang='lat' dir='ltr'><strong>occupare3</strong></span> <span class='ocrx_word' id='word_1_109' title='bbox 699 2454 752 2515; x_wconf 91' lang='lat' dir='ltr'><strong>ne</strong></span> <span class='ocrx_word' id='word_1_110' title='bbox 769 2430 796 2514; x_wconf 83' lang='lat' dir='ltr'><strong>si</strong></span> <span class='ocrx_word' id='word_1_111' title='bbox 814 2428 927 2514; x_wconf 85' lang='lat' dir='ltr'><strong>otiosi</strong></span> <span class='ocrx_word' id='word_1_112' title='bbox 943 2429 986 2514; x_wconf 93' lang='lat' dir='ltr'><strong>in</strong></span> <span class='ocrx_word' id='word_1_113' title='bbox 996 2426 1140 2517; x_wconf 83' lang='lat' dir='ltr'><strong>scholis</strong></span> <span class='ocrx_word' id='word_1_114' title='bbox 1157 2430 1210 2517; x_wconf 90' lang='lat' dir='ltr'><strong>se·</strong></span> <span class='ocrx_word' id='word_1_115' title='bbox 1273 2441 1275 2443; x_wconf 81' lang='grc'><strong>’</strong></span> 
     </span>
     <span class='ocr_line' id='line_1_20' title="bbox 153 2539 1209 2659; baseline 0.001 -27"><span class='ocrx_word' id='word_1_116' title='bbox 153 2548 252 2633; x_wconf 89' lang='lat' dir='ltr'><strong>dere</strong></span> <span class='ocrx_word' id='word_1_117' title='bbox 276 2568 495 2659; x_wconf 84' lang='lat' dir='ltr'><strong>cogantur,</strong></span> <span class='ocrx_word' id='word_1_118' title='bbox 535 2541 699 2631; x_wconf 84' lang='lat' dir='ltr'><strong>tredium</strong></span> <span class='ocrx_word' id='word_1_119' title='bbox 722 2567 848 2630; x_wconf 81' lang='lat' dir='ltr'><strong>morae</strong></span> <span class='ocrx_word' id='word_1_120' title='bbox 873 2541 1111 2631; x_wconf 81' lang='lat' dir='ltr'><strong>lasciviendo</strong></span> <span class='ocrx_word' id='word_1_121' title='bbox 1138 2539 1209 2633; x_wconf 82' lang='lat' dir='ltr'><strong>fu·</strong></span> 
     </span>
     <span class='ocr_line' id='line_1_21' title="bbox 151 2653 1285 2771; baseline 0.006 -24"><span class='ocrx_word' id='word_1_122' title='bbox 151 2662 255 2762; x_wconf 85' lang='lat' dir='ltr'><strong>lant,</strong></span> <span class='ocrx_word' id='word_1_123' title='bbox 286 2660 328 2747; x_wconf 75' lang='lat' dir='ltr'><strong>u</strong></span> <span class='ocrx_word' id='word_1_124' title='bbox 346 2656 531 2743; x_wconf 82' lang='lat' dir='ltr'><strong>ordinem</strong></span> <span class='ocrx_word' id='word_1_125' title='bbox 549 2656 732 2745; x_wconf 89' lang='lat' dir='ltr'><strong>turbent.</strong></span> <span class='ocrx_word' id='word_1_126' title='bbox 790 2653 1210 2771; x_wconf 84' lang='lat' dir='ltr'><strong>Displicuitprimum</strong></span> <span class='ocrx_word' id='word_1_127' title='bbox 1279 2740 1285 2754; x_wconf 81' lang='grc'><em>,</em></span> 
     </span>
     <span class='ocr_line' id='line_1_22' title="bbox 151 2762 1211 2889; baseline 0 -30"><span class='ocrx_word' id='word_1_128' title='bbox 151 2772 312 2889; x_wconf 78' lang='lat' dir='ltr'><strong>aliquot</strong></span> <span class='ocrx_word' id='word_1_129' title='bbox 342 2771 524 2857; x_wconf 86' lang='lat' dir='ltr'><strong>melioris</strong></span> <span class='ocrx_word' id='word_1_130' title='bbox 554 2770 796 2857; x_wconf 83' lang='lat' dir='ltr'><strong>conditionis</strong></span> <span class='ocrx_word' id='word_1_131' title='bbox 827 2762 1085 2882; x_wconf 83' lang='lat' dir='ltr'><strong>parentibus,</strong></span> <span class='ocrx_word' id='word_1_132' title='bbox 1109 2772 1211 2878; x_wconf 78' lang='lat' dir='ltr'><strong>··vili,</strong></span> 
     </span>
     <span class='ocr_line' id='line_1_23' title="bbox 153 2882 1208 2998; baseline -0.003 -23"><span class='ocrx_word' id='word_1_133' title='bbox 153 2913 203 2975; x_wconf 90' lang='lat' dir='ltr'><strong>ur</strong></span> <span class='ocrx_word' id='word_1_134' title='bbox 226 2886 319 2998; x_wconf 85' lang='lat' dir='ltr'><strong>ipfis</strong></span> <span class='ocrx_word' id='word_1_135' title='bbox 340 2885 577 2977; x_wconf 75' lang='lat' dir='ltr'><strong>videbatur,</strong></span> <span class='ocrx_word' id='word_1_136' title='bbox 609 2887 775 2997; x_wconf 82' lang='lat' dir='ltr'><strong>negorio</strong></span> <span class='ocrx_word' id='word_1_137' title='bbox 799 2883 904 2970; x_wconf 86' lang='lat' dir='ltr'><strong>filios</strong></span> <span class='ocrx_word' id='word_1_138' title='bbox 929 2882 1021 2972; x_wconf 85' lang='lat' dir='ltr'><strong>suos</strong></span> <span class='ocrx_word' id='word_1_139' title='bbox 1046 2883 1208 2998; x_wconf 85' lang='lat' dir='ltr'><strong>subjici·</strong></span> 
     </span>
     <span class='ocr_line' id='line_1_24' title="bbox 154 2994 1231 3114; baseline -0.001 -27"><span class='ocrx_word' id='word_1_140' title='bbox 154 3025 339 3114; x_wconf 87' lang='lat' dir='ltr'><strong>quorum</strong></span> <span class='ocrx_word' id='word_1_141' title='bbox 362 3024 547 3084; x_wconf 86' lang='lat' dir='ltr'><strong>errore-m</strong></span> <span class='ocrx_word' id='word_1_142' title='bbox 573 2994 643 3083; x_wconf 84' lang='lat' dir='ltr'><strong>suo</strong></span> <span class='ocrx_word' id='word_1_143' title='bbox 668 2994 857 3111; x_wconf 90' lang='lat' dir='ltr'><strong>exemplo</strong></span> <span class='ocrx_word' id='word_1_144' title='bbox 879 2996 1113 3108; x_wconf 81' lang='lat' dir='ltr'><strong>prudenter</strong></span> <span class='ocrx_word' id='word_1_145' title='bbox 1129 3005 1170 3113; x_wconf 90' lang='lat' dir='ltr'><strong>ip</strong></span> <span class='ocrx_word' id='word_1_146' title='bbox 1189 3026 1231 3113; x_wconf 72' lang='lat' dir='ltr'><strong>e¹</strong></span> 
     </span>
     <span class='ocr_line' id='line_1_25' title="bbox 154 3109 1274 3226; baseline -0.001 -24"><span class='ocrx_word' id='word_1_147' title='bbox 154 3109 1026 3226; x_wconf 67' lang='lat' dir='ltr'><strong>Koppiuscurrerinpropriumsuumfilium</strong></span> <span class='ocrx_word' id='word_1_148' title='bbox 1035 3112 1214 3201; x_wconf 80' lang='lat' dir='ltr'><strong>manuali</strong></span> <span class='ocrx_word' id='word_1_149' title='bbox 1272 3206 1274 3211; x_wconf 71' lang='grc'>,</span> 
     </span>
     <span class='ocr_line' id='line_1_26' title="bbox 153 3223 1213 3340; baseline 0.003 -24"><span class='ocrx_word' id='word_1_150' title='bbox 153 3225 402 3330; x_wconf 82' lang='lat' dir='ltr'><strong>huiclabori,</strong></span> <span class='ocrx_word' id='word_1_151' title='bbox 421 3229 578 3339; x_wconf 88' lang='lat' dir='ltr'><strong>totique</strong></span> <span class='ocrx_word' id='word_1_152' title='bbox 590 3225 752 3313; x_wconf 78' lang='lat' dir='ltr'><strong>suarum</strong></span> <span class='ocrx_word' id='word_1_153' title='bbox 764 3224 990 3313; x_wconf 80' lang='lat' dir='ltr'><strong>scholarum</strong></span> <span class='ocrx_word' id='word_1_154' title='bbox 998 3223 1213 3340; x_wconf 70' lang='lat' dir='ltr'><strong>discipline</strong></span> 
     </span>
     <span class='ocr_line' id='line_1_27' title="bbox 155 3337 1214 3443; baseline 0.003 -16"><span class='ocrx_word' id='word_1_155' title='bbox 155 3338 413 3443; x_wconf 80' lang='lat' dir='ltr'><strong>adhibendo,</strong></span> <span class='ocrx_word' id='word_1_156' title='bbox 444 3368 494 3426; x_wconf 89' lang='lat' dir='ltr'><strong>eo</strong></span> <span class='ocrx_word' id='word_1_157' title='bbox 511 3337 618 3427; x_wconf 89' lang='lat' dir='ltr'><strong>felici</strong></span> <span class='ocrx_word' id='word_1_158' title='bbox 636 3340 785 3427; x_wconf 82' lang='lat' dir='ltr'><strong>confilii</strong></span> <span class='ocrx_word' id='word_1_159' title='bbox 802 3337 999 3443; x_wconf 79' lang='lat' dir='ltr'><strong>successu,</strong></span> <span class='ocrx_word' id='word_1_160' title='bbox 1029 3365 1078 3426; x_wconf 92' lang='lat' dir='ltr'><strong>ut</strong></span> <span class='ocrx_word' id='word_1_161' title='bbox 1102 3352 1214 3431; x_wconf 77' lang='lat' dir='ltr'><strong>nune</strong></span> 
     </span>
     <span class='ocr_line' id='line_1_28' title="bbox 151 3452 1171 3570; baseline 0.002 -27"><span class='ocrx_word' id='word_1_162' title='bbox 151 3454 343 3543; x_wconf 85' lang='lat' dir='ltr'><strong>iubentes</strong></span> <span class='ocrx_word' id='word_1_163' title='bbox 364 3458 522 3570; x_wconf 90' lang='lat' dir='ltr'><strong>quique</strong></span> <span class='ocrx_word' id='word_1_164' title='bbox 538 3453 666 3539; x_wconf 86' lang='lat' dir='ltr'><strong>hoece</strong></span> <span class='ocrx_word' id='word_1_165' title='bbox 682 3453 923 3565; x_wconf 88' lang='lat' dir='ltr'><strong>exemplum</strong></span> <span class='ocrx_word' id='word_1_166' title='bbox 939 3452 1171 3567; x_wconf 76' lang='lat' dir='ltr'><strong>sequentum</strong></span> 
     </span>
     <span class='ocr_line' id='line_1_29' title="bbox 174 3564 1213 3681; baseline -0.002 -25"><span class='ocrx_word' id='word_1_167' title='bbox 174 3628 177 3633; x_wconf 88' lang='lat'><em>-</em></span> <span class='ocrx_word' id='word_1_168' title='bbox 266 3568 434 3656; x_wconf 86' lang='lat' dir='ltr'><strong>Utiliter</strong></span> <span class='ocrx_word' id='word_1_169' title='bbox 448 3568 587 3672; x_wconf 86' lang='lat' dir='ltr'><strong>eredo,</strong></span> <span class='ocrx_word' id='word_1_170' title='bbox 606 3567 740 3655; x_wconf 86' lang='lat' dir='ltr'><strong>donec</strong></span> <span class='ocrx_word' id='word_1_171' title='bbox 754 3564 877 3657; x_wconf 84' lang='lat' dir='ltr'><strong>solers</strong></span> <span class='ocrx_word' id='word_1_172' title='bbox 893 3566 1058 3680; x_wconf 82' lang='lat' dir='ltr'><strong>aliqudd</strong></span> <span class='ocrx_word' id='word_1_173' title='bbox 1075 3573 1116 3655; x_wconf 92' lang='lat' dir='ltr'><strong>in</strong></span> <span class='ocrx_word' id='word_1_174' title='bbox 1134 3595 1213 3681; x_wconf 86' lang='lat' dir='ltr'><strong>pae·</strong></span> 
     </span>
    </p>
   </div>
   <div class='ocr_carea' id='block_1_3' title="bbox 153 3676 1213 4007">
    <p class='ocr_par' dir='ltr' id='par_1_3' title="bbox 153 3676 1213 4007">
     <span class='ocr_line' id='line_1_30' title="bbox 153 3676 1213 3799; baseline -0.009 -28"><span class='ocrx_word' id='word_1_175' title='bbox 153 3681 356 3799; x_wconf 78' lang='lat' dir='ltr'><strong>drgogica</strong></span> <span class='ocrx_word' id='word_1_176' title='bbox 373 3702 460 3769; x_wconf 80' lang='lat' dir='ltr'><strong>arte</strong></span> <span class='ocrx_word' id='word_1_177' title='bbox 475 3676 704 3794; x_wconf 84' lang='lat' dir='ltr'><strong>ingenium,</strong></span> <span class='ocrx_word' id='word_1_178' title='bbox 722 3681 941 3794; x_wconf 79' lang='lat' dir='ltr'><strong>aliudquo</strong></span> <span class='ocrx_word' id='word_1_179' title='bbox 957 3682 1109 3771; x_wconf 72' lang='lat' dir='ltr'><strong>tenelle</strong></span> <span class='ocrx_word' id='word_1_180' title='bbox 1125 3707 1213 3768; x_wconf 63' lang='lat' dir='ltr'><strong>aetai·</strong></span> 
     </span>
     <span class='ocr_line' id='line_1_31' title="bbox 153 3794 1213 4007; baseline -0.003 -124"><span class='ocrx_word' id='word_1_181' title='bbox 153 3801 351 3911; x_wconf 77' lang='lat' dir='ltr'><strong>tispueri</strong></span> <span class='ocrx_word' id='word_1_182' title='bbox 373 3800 415 3882; x_wconf 90' lang='lat' dir='ltr'><strong>in</strong></span> <span class='ocrx_word' id='word_1_183' title='bbox 440 3795 587 3885; x_wconf 85' lang='lat' dir='ltr'><strong>scholis</strong></span> <span class='ocrx_word' id='word_1_184' title='bbox 588 3794 780 4007; x_wconf 55' lang='grc' dir='ltr'><strong>1ξηιῑὴἰοίε</strong></span> <span class='ocrx_word' id='word_1_185' title='bbox 799 3817 1074 3908; x_wconf 73' lang='lat' dir='ltr'><strong>oecupentur,</strong></span> <span class='ocrx_word' id='word_1_186' title='bbox 1102 3808 1213 3910; x_wconf 62' lang='lat' dir='ltr'><strong>opus</strong></span> 
     </span>
    </p>
   </div>
   <div class='ocr_carea' id='block_1_4' title="bbox 151 3908 1218 4044">
    <p class='ocr_par' dir='ltr' id='par_1_4' title="bbox 151 3908 1218 4044">
     <span class='ocr_line' id='line_1_32' title="bbox 151 3908 1218 4044; baseline -0.011 -40"><span class='ocrx_word' id='word_1_187' title='bbox 151 3911 572 4044; x_wconf 76' lang='lat' dir='ltr'><strong>menudeinvenerit,</strong></span> <span class='ocrx_word' id='word_1_188' title='bbox 624 3913 797 4028; x_wconf 74' lang='lat' dir='ltr'><strong>oppium</strong></span> <span class='ocrx_word' id='word_1_189' title='bbox 815 3909 896 4022; x_wconf 74' lang='lat' dir='ltr'><strong>ista,</strong></span> <span class='ocrx_word' id='word_1_190' title='bbox 916 3908 1087 4003; x_wconf 81' lang='lat' dir='ltr'><strong>tenellos</strong></span> <span class='ocrx_word' id='word_1_191' title='bbox 1109 3931 1218 4028; x_wconf 72' lang='lat' dir='ltr'><strong>,pue</strong></span> 
     </span>
    </p>
   </div>
   <div class='ocr_carea' id='block_1_5' title="bbox 0 0 1403 4625">
    <p class='ocr_par' dir='ltr' id='par_1_5' title="bbox 0 0 1403 4625">
     <span class='ocr_line' id='line_1_33' title="bbox 0 0 1403 4625; baseline 0 0"><span class='ocrx_word' id='word_1_192' title='bbox 0 0 1403 4625; x_wconf 95' lang='lat' dir='ltr'><strong> </strong></span> 
     </span>
    </p>
   </div>
   <div class='ocr_carea' id='block_1_6' title="bbox 967 4045 1297 4109">
    <p class='ocr_par' dir='ltr' id='par_1_6' title="bbox 967 4045 1297 4109">
     <span class='ocr_line' id='line_1_34' title="bbox 967 4045 1297 4109; baseline 0.003 -3"><span class='ocrx_word' id='word_1_193' title='bbox 967 4045 1297 4109; x_wconf 73' lang='lat'>·1&#39;05⁸</span> 
     </span>
    </p>
   </div>
  </div>
 </body>
</html>
