2784 4625
381 288 424 353 ru
451 288 688 352 concurrunt
715 266 882 375 Qerarr.
1116 282 1172 369 ι’).

176 449 277 502 aotem
295 454 410 513 annuo,
425 454 492 499 curn
505 437 715 499 Diocletiano·
730 436 781 503 lx.
797 435 909 498 Consul
925 434 1016 510 esset,
1033 438 1093 499 suit
1106 456 1164 512 no.

177 524 302 585 sirenue
321 520 414 583 annue
432 522 548 593 imperii
566 521 676 593 iosuae
696 536 734 580 eo
757 521 834 581 enirn
856 536 933 582 anno
950 522 1162 599 Xl-Cal.Ma1i

177 604 257 686 (quo
279 609 329 668 die
348 607 420 667 olim
439 605 647 665 Diocletianus
665 608 789 675 orimum
805 602 899 663 factus
920 607 1019 665 fuerat
1033 607 1163 678 impera·
1245 658 1246 664 ,

175 688 243 768 tor)
260 690 341 751 uitro
360 688 531 754 abdicavit,
563 704 629 747 cunr
652 684 721 745 eliel
741 688 949 759 Nicomedie3
979 703 1042 750 erat
1062 704 1161 753 autern

177 788 271 834 annue
292 772 402 834 Christi
421 788 492 848 304.
533 770 609 832 Curn
626 770 754 840 omarus
779 785 913 831 numeret
928 787 1035 832 annum
1051 765 1103 839 ⁶02
1122 778 1160 835 ab

176 872 215 917 eo
239 871 392 929 tempore,
411 854 470 931 jam
488 853 555 915 satie
571 854 698 928 intelligi
716 855 832 929 potest,
853 869 914 929 quo
934 858 1159 927 monopteroe

173 938 413 1016 iraecscripierit.
455 938 512 997 Sed
531 936 721 1013 comedint,
742 950 773 995 et
785 937 862 1016 quod
875 940 1024 1011 excurrit,
1046 937 1077 1001 bt
1098 936 1185 1001 Dae·

173 1021 243 1084 maii
260 1021 302 1084 sui
322 1023 395 1087 socii
414 1020 515 1096 postea
529 1021 715 1091 meminerit,
736 1018 825 1081 saclle
838 1023 954 1093 patior,
974 1035 1009 1083 ut
1026 1037 1096 1097 370.
1111 1024 1159 1088 oi·

175 1122 279 1168 cantur
296 1108 327 1166 hi
345 1107 414 1166 libri
432 1104 532 1177 scripti
551 1106 587 1166 eb
608 1102 742 1175 Optat03
771 1119 831 1179 quo
850 1119 925 1164 anno
944 1105 1035 1178 coepit
1051 1103 1158 1168 Dema·

172 1188 222 1252 sue
238 1186 356 1263 praeeiie
369 1184 507 1249 Eccletiae
519 1188 682 1256 Romanae,
701 1188 791 1257 naulo
806 1187 957 1264 postquem
971 1187 1158 1249 Valentinia-

173 1289 230 1333 nue
256 1272 285 1335 bt
310 1272 420 1333 Valens
441 1274 585 1345 imperare
608 1281 784 1341 coeperunt,
815 1270 924 1345 quibua
942 1271 1155 1347 imperantibus

171 1354 231 1415 hos
249 1362 284 1415 ab
301 1356 412 1429 Optato
429 1354 524 1416 iibroe
543 1353 671 1422 scriptor
692 1352 748 1412 eise
770 1354 851 1413 teilie
868 1355 910 1417 eii
924 1356 1010 1415 etiarn
1025 1352 1153 1436 Hieron.

171 1440 202 1500 in
217 1438 327 1499 Cetei·
344 1439 447 1517 Iraque
463 1434 577 1499 neceli'e
594 1435 672 1504 elie,
693 1436 895 1511 mulcemur,
915 1435 1064 1510 suspicor,
1084 1438 1154 1499 Lib.

173 1519 236 1599 seq.
253 1523 282 1583 in
298 1520 394 1582 Catal.
410 1520 614 1582 Romanorum
627 1517 843 1593 Episcoporunr
858 1521 1081 1595 expungendum
1097 1520 1153 1583 eise

172 1621 282 1665 nomen
299 1605 430 1679 syricii3
456 1604 508 1664 iric
526 1604 602 1664 enim
628 1600 752 1661 Damaso
769 1595 1045 1675 primone‘iueceffit
1071 1619 1150 1668 anno

171 1686 282 1749 Christi
302 1684 372 1762 386·
393 1716 434 1735 -
461 1688 552 1747 Nunc
570 1685 660 1759 paulo
680 1685 854 1766 diligentior
872 1687 1047 1763 rideamus,
1075 1688 1149 1765 quid

98 1811 101 1816 ,
169 1771 224 1843 iit,
253 1774 335 1847 quod
353 1774 480 1845 Optatus
506 1766 556 1831 hic
575 1768 616 1830 ait
633 1767 672 1827 rie
685 1771 855 1845 tempestate
871 1769 1086 1844 persecutionie
1107 1771 1151 1833 sui

166 1860 326 1926 temporie·
345 1854 416 1915 Eam
434 1850 531 1915 rursue
548 1850 688 1912 describit
703 1853 829 1928 Lib.3.,
847 1854 976 1920 obicit,
995 1852 1080 1915 fuisse
1096 1854 1149 1915 sub

167 1935 360 1998 Diocletiano
378 1939 408 2000 bt
425 1936 608 1998 Maximiano
626 1948 693 1996 anta
707 1952 802 1998 anooa
818 1951 888 2007 cx„
909 1932 1149 2011 &quodomn-

88 2033 91 2038 '
169 2021 231 2091 rit,
254 2022 340 2080 daton
358 2020 414 2081 eise
433 2021 543 2092 impioa
559 2018 698 2093 judices,
721 2020 772 2096 qui
787 2020 898 2080 bellum
915 2019 1075 2081 christiano
1093 2034 1149 2080 no·

165 2104 240 2165 mini
255 2104 421 2170 inferrent,
443 2101 673 2166 &Christianoe
693 2099 857 2163 sacrificare
875 2116 1038 2181 cogerent,
1058 2101 1147 2167 Chri.

165 2188 300 2262 numque
315 2203 439 2263 negare,
461 2186 569 2257 templa
592 2185 648 2244 Dei
669 2185 735 2258 vivi
756 2185 949 2258 subvertere,
970 2190 1051 2261 legee
1069 2187 1148 2248 divi·
1224 2255 1226 2258 ,

162 2285 216 2332 nae
236 2272 406 2332 incendere.
447 2270 537 2329 Nunc
562 2267 635 2329 illuri
657 2280 765 2344 urget,
782 2272 864 2345 quod
878 2270 1090 2340 instrumenta,
1112 2283 1148 2336 ue

166 2354 229 2425 ait,
251 2356 362 2413 divinae
374 2352 450 2427 legia
467 2353 586 2430 quidam
601 2350 742 2425 Episcopi
757 2352 847 2422 impie
864 2353 1053 2413 indiderint.
1087 2352 1148 2419 Eu.

160 2435 260 2498 sebius
280 2438 336 2497 Lib
358 2447 387 2506 8.
416 2436 504 2496 iatius
531 2432 681 2506 descripsit
701 2432 920 2516 persecutionis
936 2437 1005 2496 iiiut
1022 2449 1137 2509 tenpe-
1243 2476 1245 2481 -

164 2519 279 2580 statem.
319 2518 481 2580 Detifrlca
499 2529 611 2579 tantum
627 2519 669 2577 eit
681 2557 693 2589 ,
707 2518 953 2580 innumerabilem
970 2530 1043 2584 tune
1061 2521 1092 2580 in
1110 2533 1145 2581 tt

165 2600 252 2663 fuisse
276 2603 440 2680 Martyrum
458 2602 693 2664 'multitudinem
735 2599 814 2660 iliud
835 2617 947 2661 novum
967 2599 1145 2671 &insulem

129 2688 132 2692 ’
160 2683 226 2744 suit
242 2690 272 2746 io
290 2688 389 2748 editio
404 2686 586 2748 Diocletiani
604 2681 742 2748 edversue
756 2683 960 2758 Christianoe,
991 2686 1075 2766 quod
1090 2685 1144 2750 88'.

165 2784 269 2849 eorum
288 2766 373 2830 libria
388 2769 499 2831 beilum
516 2766 658 2830 indicium
675 2767 730 2833 fit,
748 2783 783 2831 ut
800 2769 992 2830 abolerentur
1010 2772 1145 2848 undique

165 2852 336 2927 conquibti.
366 2853 542 2924 Arnobiue,
565 2851 616 2922 qui
633 2868 670 2912 eo
688 2865 824 2926 tempore
840 2852 963 2913 vivebat
978 2853 1009 2911 in
1025 2851 1143 2926 Africa,

161 2932 230 2997 Lib.
243 2953 274 3007 4.
293 2947 398 2997 contra
416 2933 528 2995 Gentes
552 2927 679 3008 Nolite,
702 2934 820 3013 inquit,
836 2932 948 3014 scripte
961 2950 1014 3005 tur
1027 2934 1142 3021 ignibus

164 3033 332 3078 meruerunt
347 3014 436 3080 darii
470 3017 528 3078 Sed
541 3018 623 3091 impii
636 3014 757 3090 [cerulei
770 3031 842 3076 tunc
851 3018 1048 3094 objiciebant,
1057 3020 1141 3096 qood

164 3097 315 3172 Ulpianus
341 3104 401 3173 ait,
429 3101 524 3163 libror
540 3098 713 3172 inprobata
725 3101 863 3162 ietiionie
879 3102 1046 3162 abolendos
1065 3101 1141 3176 esse,·

163 3183 233 3244 Lib.
243 3202 273 3258 4.
291 3184 489 3248 familexerc.
510 3183 619 3246 Libroe
635 3198 733 3245 autern
751 3181 984 3246 Christianorum
1002 3178 1057 3244 effe
1073 3183 1142 3248 scii.
1197 3224 1199 3228 ι

162 3265 336 3339 improbatae
358 3267 507 3331 lestionle.
530 3268 611 3341 ‘Sane
627 3263 687 3339 ipsa
703 3267 939 3330 Maccabaeorum
955 3265 1078 3329 historia
1094 3276 1141 3331 te'·

162 3349 215 3410 iiia
235 3352 295 3421 est,
322 3365 477 3427 tyrannum
495 3351 577 3412 illurn
593 3350 776 3412 Antiochum
789 3350 995 3426 Epiphanem,
1021 3352 1073 3427 qui
1086 3351 1140 3430 Ju-

85 3436 92 3440 “
159 3433 245 3492 dreoa
263 3432 455 3496 exterminare
472 3432 817 3507 conatue'est',Mosaicie
836 3426 959 3511 quoque
974 3432 1061 3495 iibria
1076 3433 1143 3503 bei,
1216 3429 1222 3442 '

157 3514 220 3575 lum
239 3515 382 3576 indlxliie.
399 3519 474 3578 Tele
490 3516 653 3590 exemplum
668 3517 875 3579 Diocletianus
891 3521 922 3579 in
939 3516 1139 3580 subnectere

156 3595 277 3660 secutur
297 3596 503 3664 clientium,
529 3602 575 3661 uti
592 3597 623 3660 δι
638 3601 803 3673 exemplum
820 3599 1007 3665 Diocletiani
1018 3599 1139 3664 sacotua

153 3681 279 3744 uidetur
295 3695 437 3759 tyrannue
451 3684 503 3743 ille
518 3681 671 3743 Vendilue
690 3682 721 3745 bc
735 3685 879 3761 Amanus,
906 3687 959 3760 qui
980 3687 1012 3749 in
1031 3684 1138 3748 Africa

157 3765 276 3840 alliquot
298 3766 382 3828 annio
404 3765 471 3838 post
488 3777 610 3826 rnortena
628 3764 706 3843 Aug,
721 3766 798 3842 joint
815 3768 901 3828 etiarn
920 3767 1137 3831 flammioebo·

156 3847 215 3935 lari
231 3848 324 3910 libror
340 3847 584 3919 catholicorum,
605 3861 639 3907 ut
654 3847 752 3910 nerrat
767 3849 870 3911 vietor
884 3847 1044 3915 Uticense.
1064 3847 1137 3911 licli-

156 3929 235 3995 &um
246 3932 508 3998 Diocletiani-non
523 3933 630 4077 recitnat
642 3933 810 4010 Eusebius,
827 3931 1137 4074 scti'nmetesguuem·
