2784 4625
135 525 185 554 -··
209 491 348 594 “Quo
362 491 499 604 potius
518 473 1064 602 ···alloquiturThe'ologiae
1079 475 1198 594 apud=
1224 483 1226 490 '

95 659 98 677 ·
133 606 385 712 catholicos,
423 600 670 691 Professores
693 609 734 687 in
761 601 1071 714 Programmate
1095 602 1195 684 anti·

95 756 98 808 :
136 719 358 812 Nihufiano
375 718 563 827 calixtus
679 743 808 830 quam
833 715 883 800 ad
908 740 978 800 eos
1008 739 1076 803 me
1100 740 1196 800 con·

95 886 100 902 ·
138 859 312 934 vertam,
334 859 450 947 quos
474 854 523 918 ut
548 835 711 945 egregia
732 828 964 916 eruditione
976 847 991 931 ‚'
1015 835 1068 917 ita
1093 855 1198 944 quo·

139 977 213 1064 que
228 949 485 1049 humanitate
504 947 547 1034 δι
571 951 731 1032 virtute·
750 944 971 1046 excellere,
999 950 1196 1060 pacisque

139 1060 430 1174 &concordiae
456 1087 542 1148 non
572 1066 731 1162 minus,
763 1087 889 1173 quam
915 1064 1094 1146 veritatis
1118 1063 1197 1145 stu·

95 1225 102 1243 ·
139 1177 201 1265 diu
219 1176 273 1266 fla
304 1201 393 1263 rare
410 1174 562 1263 credo?
618 1177 736 1277 Hoc,
761 1178 872 1262 enim
890 1174 941 1261 de
957 1175 1080 1260 vobis
1097 1174 1201 1282 mihi

95 1321 102 1380 τ
139 1205 327 1404 ρεῐΐιωξ,
365 1317 442 1378 nec
466 1288 518 1375 de
540 1316 757 1403 quoquam
782 1290 945 1375 erudito
963 1293 1059 1374 -viro
1085 1288 1200 1374 aliter

95 1435 102 1491 c
142 1429 182 1492 ut
196 1407 393 1507 statuam,
422 1404 607 1497 inducor,
637 1403 706 1488 nisi
722 1402 833 1489 aliud
848 1404 1060 1490 evidenter
1077 1429 1199 1516 appa·

140 1523 278 1608 ruerit.
336 1517 511 1606 Persuafi
537 1516 626 1603 sane
652 1519 753 1604 mihi
771 1517 814 1603 id
830 1544 1022 1633 quoque,
1053 1521 1205 1606 errori·'

95 1680 99 1700 ι
140 1633 215 1730 hus
231 1631 467 1735 nonnullis,
486 1633 540 1726 ,oz
564 1627 674 1717 forte
701 1659 774 1718 nec
794 1638 930 1742 paucis
949 1660 1023 1720 nec
1037 1634 1202 1720 levibus

140 1746 394 1861 adstipulari:
427 1744 495 1832 sed
514 1772 622 1862 quos
640 1775 662 1832 a
682 1745 914 1856 majoribus
938 1749 981 1834 81
1003 1751 1204 1862 magistris
1242 1847 1244 1852 ,

143 1886 331 1975 acceptos
346 1858 455 1946 nulla
473 1861 578 1945 mala
600 1861 679 1947 fide
704 1859 997 1949 conscientiave
1019 1889 1095 1948 vos
1118 1885 1203 1950 tue·

143 1980 194 2077 ri,
225 1974 371 2062 itidem
391 1975 491 2060 mihi
511 1973 696 2087 persuasi.
753 1976 812 2063 Ut
829 1976 880 2063 de
898 2004 985 2079 me,
1015 1981 1204 2089 meisque

141 2089 348 2203 collegis,
377 2089 603 2203 &reliquis
622 2082 900 2179 Confeffionis
916 2092 1057 2178 nostra
1076 2088 1204 2193 sociis,

142 2203 367 2319 dequibus
383 2228 480 2306 vos,
512 2205 628 2317 quod
651 2229 727 2289 nos
748 2205 797 2290 de
820 2205 963 2308 vobis,
995 2211 1206 2317 reciproce

144 2322 332 2422 statuitis,
357 2318 407 2406 »id
429 2317 562 2429 ipsum
588 2323 740 2430 pariter
767 2346 844 2430 pro
869 2344 985 2404 certo
1011 2320 1206 2421 habeatis

109 2520 113 2525 .
144 2434 281 2521 &oro
305 2433 348 2518 81
368 2431 570 2545 exspeuo.
629 2432 934 2519 Alteri-alteros
959 2459 1094 2519 errare
1120 2460 1206 2520 cre·

95 2562 98 2621 ἶ
146 2546 306 2656 dinus3
345 2547 387 2633 81
408 2547 490 2632 hoo
518 2570 717 2641 mutuum
750 2549 819 2635 est.
878 2549 937 2632 Sit
962 2547 1004 2632 id
1036 2575 1210 2662 quoque

95 2660 100 2685 ²
146 2688 365 2775 mutuum,
394 2686 442 2746 ut
465 2661 577 2746 alteri
599 2662 745 2747 alteros
770 2661 882 2749 nulla
905 2689 1042 2778 neque
1059 2664 1209 2749 malitia

148 2801 310 2865 errores
338 2774 548 2886 ampiecii,
594 2778 968 2889 naque'pertinacia
1000 2778 1211 2866 erroribus

148 2889 371 2979 inhasuros
395 2887 473 2975 effe
497 2889 725 2978 credamus.
784 2892 840 2976 lta
865 2890 926 2975 alii
950 2890 1048 2977 aiios
1072 2897 1211 2980 minus

148 3004 444 3106 aversabimur,
473 3007 515 3094 &
539 3010 668 3116 magis
684 3003 938 3091 amabimus:
969 3005 1214 3094 benevolen-

149 3128 201 3211 tia
227 3146 403 3236 quoque
428 3121 472 3207 u
497 3117 849 3204 commiseratione
874 3123 1039 3230 potius,
1086 3145 1214 3235 quam

152 3240 247 3325 odio
269 3235 594 3348 prosequemur,
627 3258 736 3345 quos
753 3235 1086 3337 existimabimus,
1107 3235 1218 3325 nulia
1255 3304 1257 3309 .

154 3350 222 3437 sua
244 3350 386 3461 culpa,
427 3347 492 3433 sed
512 3349 736 3433 neceffitate
759 3348 932 3459 quadam
954 3350 996 3434 81
1010 3350 1134 3461 quasi
1147 3379 1215 3436 na·

154 3463 288 3572 scendi
311 3465 403 3577 iege
425 3463 663 3571 erroribus,
691 3487 716 3545 e
741 3461 894 3573 quibus
917 3460 1114 3551 haiienus
1139 3464 1219 3551 sese

155 3581 348 3693 expediri
364 3582 643 3691 nequiverint,
673 3579 831 3661 irretiri.
889 3577 1045 3691 Magna
1070 3583 1133 3664 vis
1161 3581 1219 3666 est

155 3697 383 3808 opinionis,
411 3718 538 3804 qnam
554 3714 742 3803 parentes
759 3688 871 3802 quasi
892 3689 979 3799 ipso
995 3718 1092 3781 cum
1116 3693 1220 3778 {acie

121 3836 125 3853 ·
158 3809 400 3897 instillarint:
435 3810 557 3921 primi
584 3807 770 3917 pueritia
787 3801 1076 3893 informatores
1101 3804 1222 3891 tenel-

116 3940 123 4025 ζ
160 3924 208 4020 iis
224 3927 367 4014 animis
386 3946 552 4013 ut-ccrae
571 3916 860 4124 impresbierint:
890 3947 1015 4037 quam
1031 3921 1223 4126 deqnceps
1260 4000 1266 4017 ,,

116 4064 121 4075 ·
243 4070 246 4077 ’
362 4096 369 4101 -
766 4062 786 4147 5
1110 4061 1168 4127 ru·
