2784 4625
577 319 781 386 ,RF-2!
1153 365 1219 429 m

142 527 232 622 quo
264 495 518 591 cathedralis
543 523 642 586 eum
663 493 869 603 Ecclefiae,
914 500 981 588 cui
1014 501 1213 603 Decrnur

140 621 299 738 protest,
330 618 492 732 negotia
508 611 751 730 frequenter
766 638 951 702 avocant.
1115 727 1117 731 Ι

255 729 375 820 Nihil
398 755 552 846 porro,
592 752 796 846 quantum
825 727 997 844 quidem
1025 740 1214 850 memini,

142 871 243 966 eger
265 844 592 935 Brunosuicensrs
619 843 730 948 visu,
781 848 823 935 ἃ
853 871 1089 938 memoratu
1122 851 1213 972 dig·

141 989 247 1053 num
275 962 426 1066 habet,
484 962 725 1048 monasteria
756 957 785 1045 fi
820 956 955 1047 forsan
985 974 1212 1078 exceperis.

97 1101 101 1118 ’
142 1081 293 1169 Unum
308 1100 446 1163 autern
465 1099 625 1162 tantum
642 1101 811 1177 eorum,
835 1075 928 1162 urbi
951 1081 1210 1187 proximum,

144 1197 211 1282 cni
229 1189 482 1308 Jerusalemii
495 1190 573 1276 filia'
590 1212 687 1279 notu
704 1194 893 1294 maxima,
912 1189 1095 1279 Domina
1112 1221 1212 1307 prae·

144 1312 219 1409 est,
248 1304 410 1403 videre,
439 1306 505 1392 vel
521 1307 660 1417 potius
678 1303 844 1400 tranfire
859 1303 990 1423 solum
1012 1333 1089 1422 per
1111 1333 1214 1401 tem.

145 1447 225 1538 pus
247 1420 392 1506 licuit..
452 1483 455 1488 ,
623 1443 626 1450 ’
1147 1443 1150 1457 ’

224 1534 302 1620 -Si
331 1555 481 1634 totam,
519 1531 651 1646 qualis
682 1536 840 1618 circum
872 1534 949 1638 est,
994 1539 1214 1651 regionem

146 1676 236 1738 uno
261 1650 413 1734 intuitu
438 1648 679 1759 perlustrare
702 1647 901 1751 lubuerit,
932 1650 1132 1762 prndium
1155 1658 1217 1741 in·

150 1766 299 1865 trabis,
340 1760 657 1874 Quelplrerbyto
684 1760 989 1850 Brunosuicum
1013 1766 1218 1855 redeunti·

148 1880 229 1966 bus
245 1875 463 1963 ad'laevam
490 1878 630 1981 situm,
659 1881 729 1965 vix
754 1903 839 1965 uno
869 1874 1004 1996 lapide
1028 1880 1079 1965 ab
1106 1884 1216 1970 urbe

149 1995 347 2093 diffitum,
395 1991 510 2102 quod
535 1991 663 2077 Ducis
694 1992 848 2104 conjux
877 1990 949 2079 suo
973 1992 1136 2090 secessui
1160 1995 1214 2086 cd

148 2135 271 2212 eurn,
307 2109 380 2220 qui
406 2106 587 2220 Angliae,
626 2112 765 2218 patriae
795 2107 893 2209 luae,
931 2108 1086 2221 placet,
1123 2140 1213 2199 tno·

147 2224 274 2325 (lum,
303 2224 470 2334 paravit.
530 2221 576 2306 ln
610 2219 773 2307 summo
806 2218 958 2307 aedium
994 2224 1138 2312 solario
1168 2230 1217 2317 in

146 2338 305 2455 largam
320 2336 529 2450 planitiem
547 2333 788 2448 prosperius
806 2340 1047 2451 porrigitur.

148 2716 157 2725 ·-
261 2664 516 2755 Brunosuico
542 2665 744 2770 moestus,
778 2689 902 2782 atque
925 2693 975 2755 ut
997 2672 1047 2756 eo
1070 2670 1219 2785 quieti·

147 2806 225 2887 us,
273 2796 367 2896 'quae
389 2781 448 2867 ibi
471 2782 751 2897 gustaveram,
795 2781 942 2895 gaudia
965 2785 1219 2889 recolerem,

149 2893 284 2984 nullu
309 2895 493 2982 valedixi.
572 2897 750 2983 Summo
775 2923 915 3000 mane,
961 2923 1054 2984 orto
1081 2924 1219 2989 tamen

149 3011 235 3126 jam
259 3009 359 3114 sole,
389 3009 607 3097 odmoenio
623 3007 936 3096 Hildefienfium
954 3011 1118 3100 substiti.
1173 3018 1176 3034 ²

265 3127 426 3210 Mirum
443 3147 569 3235 quam
587 3122 715 3211 multa
731 3130 1039 3228 concurrerint,
1068 3123 1116 3212 ut
1130 3126 1220 3215 lon·

180 3242 243 3325 ior
264 3240 364 3324 mihi
388 3241 431 3323 in
455 3238 531 3323 hac
549 3238 652 3324 urbe
670 3264 785 3324 mora
808 3238 975 3328 molesta
990 3241 1125 3345 fieret,
1155 3268 1219 3328 ce·

150 3268 370 3467 leremque
386 3352 480 3439 inde
498 3351 646 3462 pedem
663 3348 876 3441 referrem.
933 3359 974 3442 A
996 3355 1220 3452 noilurnm

150 3465 385 3564 &insomni
405 3471 549 3551 itinere
574 3461 755 3581 fatigato,
774 3468 918 3554 horam
935 3466 1021 3555 fere
1038 3467 1219 3559 mediam

149 3604 246 3671 rnre
263 3606 447 3693 portum,
478 3578 610 3666 donec
632 3579 935 3684 recluderetur,
964 3581 1223 3670 manendum

149 3696 251 3785 milri
268 3690 359 3783 fuit.
413 3690 693 3782 Diversorium
716 3693 837 3781 adeo:
870 3698 1010 3802 mitto,
1041 3702 1113 3813 qui
1129 3694 1222 3783 Bru·

149 3810 311 3914 boeleio,
342 3813 414 3924 qui
434 3806 698 3924 Beroldingio
718 3808 945 3923 adventurn
969 3819 1218 3911 nuntiarent,

149 3926 195 4019 lc
217 3952 288 4015 tue
310 3924 363 4014 ad
387 3920 645 4039 colloquiunt
662 3920 821 4015 admitti
841 3949 1060 4045 rogarent:
1089 3922 1224 4010 nenti·¹

824 4064 826 4069 ’
1065 4060 1163 4126 nem

754 4249 765 4301 l
