2784 4625
151 321 214 390 no
247 271 250 278 ¹
584 301 807 375 ΞΜ

165 469 356 562 intuitu's'
375 491 453 554 nec
481 462 594 578 spem
618 466 823 575 delusam,
849 491 949 556 nec·
967 465 1117 561 famant
1141 502 1247 588 pra·

171 584 532 684 sentiaminutam,
567 580 636 667 sed
650 587 791 695 potius
810 583 1089 674 confirmatam
1100 625 1115 691 ,·
1153 581 1244 677 insu

167 699 401 815 superatam
420 721 645 784 cernerem.
834 769 836 774 .
987 769 990 774 .
1089 729 1146 774 --r
1186 733 1222 746 -·

286 811 425 898 Primo
438 808 536 920 jam,
554 837 642 924 quo
656 805 902 900 adveneram
919 810 1240 928 vespere-meus
1277 891 1279 896 .

162 933 217 1018 'in
234 927 322 1012 hac
339 922 464 1026 sensa,
492 945 616 1038 atque
642 927 684 1008 in
715 922 795 1011 hoc
810 923 1010 1034 judicium
1031 955 1239 1040 praeoccu-

169 1056 174 1100 ³
208 1045 301 1130 arur
330 1042 506 1125 animus,
584 1040 730 1126 Ducot
754 1044 896 1142 enim,
915 1067 962 1127 ut
987 1042 1125 1129 decuit
1151 1045 1238 1130 fieti

173 1065 333 1245 domini
365 1152 539 1238 litterato
570 1152 623 1237 ab
648 1150 805 1264 hospite
831 1154 1030 1257 litterato,
1070 1159 1113 1246 ra
1137 1158 1240 1269 ejus·

176 1272 285 1360 dem.
301 1267 472 1382 quidem
497 1262 643 1352 secum¹
657 1267 858 1352 litterariae
887 1268 1145 1381 professionis
1170 1273 1242 1359 ho·
1278 1329 1280 1334 -

175 1390 312 1486 mine,
344 1387 388 1465 in
404 1377 571 1493 hospitis
587 1385 1179 1498 meiacroaterium,tanquam
1199 1393 1243 1475 in

177 1500 361 1588 sacratius
376 1491 538 1583 familia
554 1494 767 1598 lararium,
785 1502 1019 1586 communia
1036 1528 1133 1584 cum
1153 1500 1241 1597 hos-

176 1610 647 1740 pite,domus,urbisqne
659 1614 782 1721 genio
790 1612 943 1713 vota&
960 1617 1142 1725 primum
1153 1614 1244 1699 hos-

177 1723 474 1844 pitalesacrum
493 1726 622 1810 Muhs
640 1721 1028 1812 Helmstadiensrbus
1045 1724 1244 1815 fatiurus.

274 1836 430 1928 ¹Video
441 1837 507 1923 hic
522 1837 573 1922 ab
586 1860 771 1950 utroque
784 1840 987 1947 cathedrae¹
1001 1841 1126 1928 latere
1136 1869 1243 1955 prae·

179 1982 243 2044 ter
261 1954 435 2041 Lutheri
449 1978 510 2038 ac·
523 1951 828 2040 Melanchtonis
843 1958 1042 2068 imagines
1058 1956 1243 2067 pendere

180 2069 392 2160 Calixrum
407 2090 652 2181 utrumque,
667 2067 831 2155 Patrem
848 2069 890 2154 8(
909 2068 1039 2154 filium
1057 2094 1140 2152 non
1156 2099 1242 2155 ma·

178 2184 218 2271 le
237 2180 393 2295 pistum
424 2179 563 2283 sarnus,
600 2187 804 2293 quantum
829 2186 949 2266 etiam
974 2181 1139 2270 Erasmo
1159 2185 1251 2270 Ro·¹

178 2296 435 2398 derodamo,
469 2293 920 2408 viro-incomparabili,
944 2324 1072 2411 aeque
1102 2298 1242 2402 dodo,

176 2443 229 2500 ac
259 2413 395 2513 bono,
425 2408 715 2522 modestoque-
735 2410 962 2513 honorem,
1083 2417 1245 2526 quippe

180 2532 308 2617 vitam
327 2526 418 2636 ejus
439 2553 463 2610 a
485 2524 684 2637 Burigniu
702 2522 815 2611 olim¹
826 2524 1014 2637 scriptam
1034 2527 1075 2611 δι
1094 2527 1246 2611 auctio·

180 2670 296 2741 rem,
325 2642 368 2727 δι
385 2640 634 2724 ornatiorem
650 2636 773 2725 edidit
879 2636 1026 2749 hospes
1043 2665 1162 2726 meus
1179 2641 1246 2724 de·

142 2860 143 2865 Ν
180 2754 301 2858 ferat,
316 2757 506 2860 memini3
536 2755 578 2840 δι
597 2752 818 2854 concludo,
840 2755 949 2838 viros
972 2751 1245 2866 illum,.quos

176 2869 250 2958 tali
266 2869 425 2954 honore
441 2862 573 2968 afficit,
588 2892 711 2981 quos
729 2865 800 2953 fibi
817 2865 898 2952 hoc
919 2864 1025 2968 loco,
1049 2870 1155 2952 inter
1172 2865 1243 2952 do-

184 2983 307 3071 cendi.
323 2978 513 3094 publicos
530 2977 665 3085 atius,
683 2980 912 3178 praesentes
931 2979 1082 3065 habere
1100 2979 1245 3084 voluit,

182 3098 380 3213 tanquam
408 3093 617 3206 exemplar
636 3120 680 3179 re
698 3098 856 3206 picere,
903 3093 1018 3207 quod
1047 3098 1248 3200 imitetur,

183 3211 298 3328 quod
329 3238 384 3297 ue
399 3214 443 3297 in
463 3206 502 3294 se
522 3212 751 3320 exprimat..
806 3278 808 3283 .
1140 3240 1142 3253 ·

294 3239 454 3435 gperae.
482 3329 662 3439 pretium
699 3319 798 3408 mihi
826 3319 985 3441 semper
1013 3319 1071 3405 est
1099 3317 1247 3423 visum,

209 3352 212 3359 .

209 3398 222 3411 ιι
231 3404 236 3410 ,

180 3433 513 3529 memorabilium
538 3438 804 3522 amicitiarum
816 3438 907 3633 Hqui
929 3431 1086 3521 fuerint
1114 3458 1247 3537 ortus,

848 3576 884 3637 e.

180 3559 346 3666 quique
366 3548 621 3665 progressus,
661 3549 814 3641 adnota
941 3551 1002 3637 Ut
1025 3552 1157 3648 enim,
1202 3553 1248 3635 in

174 3667 359 3779 Physicis
378 3689 621 3750 naturarum
631 3661 842 3749 affinitates
859 3662 963 3751 dunt
979 3666 1244 3776 inquirimur,

177 3777 489 3891 conjunstioues
527 3803 671 3891 rerum
704 3778 1075 3892 heterogenearum
1112 3780 1245 3863 varias

174 3896 267 4009 ipsu
277 3888 653 4011 tentemus3tunde
677 3918 773 3979 nou.
788 3890 1241 4090 desedianutratansupm

229 4046 243 4075 ι
275 4076 278 4081 ,
318 4036 348 4075 ’-”.·
377 4035 384 4048 ’
707 4050 710 4059 ·
1133 4030 1155 4088 e
