2784 4625
312 413 314 418 .
414 315 464 388 'aaa
481 324 726 418 *contratrum
755 301 922 380 Orrnrr.
1131 303 1199 386 abs

228 471 312 559 Joan.
324 474 363 532 V.
384 474 433 535 sed
449 477 535 533 etiarn
553 474 589 531 ad
604 460 944 547 illaPropbetaeJesaia,
954 479 1019 540 qoae
1031 462 1096 536 poll
1109 474 1202 535 pauca

228 560 364 633 profert,
400 560 452 616 ubi
481 561 518 614 de
544 550 816 628 antiquandum,
853 549 936 622 quod
958 546 1018 606 huc
1038 549 1202 606 transtulit.

230 645 321 721 Quod
344 644 402 700 ait:
423 654 526 700 contra
548 632 752 704 interdianum,
774 634 851 689 idem
876 632 974 697 valet,
997 644 1085 704 atque
1108 628 1203 690 illud,

232 727 313 801 quod
338 740 420 784 antea
443 725 573 791 dixerat,
601 733 703 778 enarra
717 716 792 795 legas
810 714 845 773 L.
859 732 885 773 ι.
907 714 943 771 ad
957 713 1007 773 illa
1023 712 1203 790 respiciente

234 807 297 888 Qui
310 803 397 886 semei
416 806 494 867 lotus
507 800 564 877 est,
584 799 737 862 nonhabet
752 793 938 875 aecafflraaaaa
954 791 1203 854 iterumiavandi.

229 892 292 951 Nisi
310 891 387 950 torte
404 893 440 948 da
456 888 566 960 piscina
581 886 681 944 eadem
695 884 756 943 hoo
770 879 988 957 quoque,quasr
1004 876 1087 937 neira
1101 878 1137 937 ab
1154 890 1205 932 an·

231 978 300 1050 gelo
317 974 472 1047 plusquam
494 969 581 1028 semel
604 984 666 1027 eam
681 967 817 1032 moveri,
838 979 887 1029 aut
911 965 948 1022 ab
970 978 1007 1021 eo
1033 960 1119 1020 semel
1142 972 1205 1015 no·
1279 1027 1282 1037 Ι

230 1074 307 1129 tarn,
328 1055 421 1113 finon
438 1053 538 1122 nefas,
557 1052 674 1111 stultum
689 1065 784 1109 tamen
800 1044 830 1105 dt
848 1052 950 1115 inane,
964 1063 980 1103 a
996 1047 1133 1121 quopiam
1149 1043 1206 1099 ite·

231 1159 295 1201 runa
312 1142 438 1198 moveri.
475 1135 621 1195 Caeterum
635 1135 714 1193 illam
728 1130 866 1203 piscinam
883 1127 1063 1196 bethsaida,
1086 1126 1207 1199 figuram

230 1224 314 1283 fuiiie
329 1221 526 1295 baptismatis,
549 1220 636 1277 etiam
653 1218 778 1276 aliorum
793 1212 849 1274 fuit
867 1212 983 1286 opinio.
1005 1209 1207 1270 Vid.Tertull.

231 1303 351 1383 debant.
368 1322 394 1363 c.
405 1304 464 1377 5.6.
486 1301 577 1379 Quod
592 1300 664 1360 hinc
680 1313 776 1358 autern
791 1298 828 1353 de
842 1295 922 1369 pisce
937 1295 1054 1372 colligit
1067 1293 1208 1366 Optatus.

232 1389 301 1462 inde
315 1386 479 1459 profetiam
493 1386 629 1454 videtur,
644 1380 727 1456 quod
741 1378 873 1458 piscinam
889 1377 984 1449 prisca
997 1376 1209 1452 fignificatione

232 1474 397 1543 acceperit,
419 1486 474 1542 pro
491 1468 615 1540 piscium
630 1466 770 1534 vivario,
793 1474 825 1520 ut
839 1461 972 1535 loquitur
992 1462 1124 1531 Plinius,
1147 1472 1208 1516 non

233 1589 287 1643 nro
304 1587 381 1630 mera
398 1547 657 1646 κολυμβηθρᾳι
679 1581 841 1642 quanquam
863 1561 893 1622 dt
915 1566 990 1623 illud
1011 1578 1132 1638 quoquc
1152 1571 1208 1629 pro

235 1655 494 1753 ilc&voaeootiao
515 1670 687 1741 usurpatum
718 1670 777 1729 five
801 1681 939 1745 aquarum
962 1668 999 1727 ad
1025 1665 1126 1735 usum,
1148 1664 1210 1726 srva

234 1757 321 1815 alium
336 1769 441 1826 quem,
463 1753 521 1811 live
535 1753 694 1812 natationis
710 1751 889 1812 induciarum
907 1751 1147 1820 invediarumque
1162 1752 1212 1806 lo·

236 1854 292 1908 co,
308 1852 371 1912 quae
386 1838 486 1908 postea
498 1835 638 1912 frequens
655 1833 685 1897 de
701 1836 804 1897 ufitata
816 1836 901 1897 verbi
917 1833 1005 1895 notio
1017 1829 1209 1911 fuitcasaub.
1260 1860 1266 1873 ·

157 1942 231 2012 ibid.
284 1936 364 2011 isce.

195 1962 425 2111 Cunabula,
446 2036 477 2100 h.
494 2054 520 2102 e.
541 2039 667 2113 nescio‚.
684 2057 719 2101 an
735 2006 1005 2116 quoabaptizatis,
1020 2036 1214 2099 renascantur

237 2124 406 2184 Christiani.
447 2123 577 2185 Tertull.
598 2120 655 2183 Sed
668 2144 718 2182 nos
730 2122 856 2203 pisciculi
864 2120 1017 2204 ferandum
1033 2119 1145 2193 Ἰχθνι,
1160 2136 1214 2178 ao·

232 2205 324 2282 strum
340 2200 377 2279 J
389 2202 528 2281 Christum
546 2208 576 2265 t'n
590 2211 670 2286 aquis
683 2207 833 2287 nascimur.
854 2204 969 2286 Aibaffi.
1259 2193 1261 2198 ¹

154 2307 234 2381 ibid.
261 2308 318 2396 qui
340 2315 376 2377 in
392 2304 549 2385 lenione
563 2306 773 2381 Patriarchae
787 2307 927 2383 Tobiae.
1066 2388 1068 2391 ,

199 2413 243 2473 lta
257 2408 383 2467 rellituit
398 2421 432 2464 ex
446 2409 511 2467 MS.
525 2411 554 2468 S.
565 2410 603 2468 G.
618 2409 728 2470 dul’in.
750 2410 782 2467 In
798 2413 863 2470 aliis
879 2409 962 2469 MSS.
979 2404 1009 2466 δι
1024 2409 1054 2466 in
1070 2405 1159 2465 editio
1174 2403 1216 2466 le-

239 2492 364 2569 gebatur
372 2489 613 2553 patriarcharum.
635 2493 668 2553 ln
685 2493 853 2567 aliquibus,
875 2506 908 2554 ut
921 2507 977 2567 ego
990 2487 1141 2563 conjicio,
1162 2486 1216 2544 Pa·

236 2572 390 2653 ariareliae,
416 2577 489 2649 quin
517 2573 612 2635 Tabia
634 2574 668 2633 sat
692 2575 847 2649 adjectum.
886 2571 1060 2653 Cojaaboaas
1075 2572 1150 2631 enim
1165 2585 1218 2628 na·

239 2657 314 2718 scite
332 2655 432 2729 sealt,
454 2658 525 2732 quid
540 2674 592 2730 per
606 2655 751 2721 iadiiotreaa
762 2656 955 2729 Patriartlaae,
974 2651 1219 2736 velPatrt'araba·

237 2758 302 2798 rum
314 2740 367 2799 ibi
382 2738 458 2799 velit
475 2745 613 2814 Optatus.
626 2743 741 2819 „Tale
757 2743 880 2818 aliquod
894 2740 1082 2815 scripturn-
1092 2739 1132 2797 ait
1147 2753 1219 2808 por·

240 2840 276 2884 ro
293 2819 473 2900 casaubonus
486 2853 523 2869 -
534 2841 631 2900 neque
647 2827 719 2885 olim
737 2826 861 2886 extitisse
875 2840 968 2896 puto,
989 2836 1086 2895 neque
1106 2820 1219 2890 hodie,

242 2908 324 2981 quod
341 2903 440 2971 sciant,
450 2908 535 2966 ullibi
552 2908 610 2976 est,·
632 2908 867 2970 commentitium
886 2909 915 2968 ba
935 2901 1219 2981 pseudepigraphuna

242 2988 390 3059 quoddam
408 2989 458 3045 sub
481 2987 547 3047 ΧΠ.
566 2988 797 3049 Patriarcbarun
817 2990 937 3049 nomine
960 2990 1162 3048 testamentum
1186 2985 1219 3042 in

240 3069 385 3138 Biblioth.
402 3069 459 3152 ΡΡ.Ι
473 3070 576 3133 vidisse
590 3073 749 3148 aliquando
764 3075 893 3134 memini.
915 3072 985 3132 Non
1003 3070 1080 3130 enim
1098 3070 1220 3144 dignum

241 3154 416 3250 uidebatur,
439 3157 521 3228 quod
545 3157 714 3232 legeretur,
737 3155 787 3215 etii
808 3174 869 3216 non
889 3158 1045 3231 ignorem,
1065 3155 1123 3213 tale
1144 3150 1221 3229 quid

239 3254 299 3317 Jam
315 3239 387 3295 olim
406 3236 539 3299 extitisse.
580 3239 639 3298 Sed
655 3256 722 3305 cuna
739 3255 834 3301 totum
849 3240 929 3305 hoc,
958 3235 1106 3314 quoditie
1121 3246 1221 3294 narrat

244 3323 389 3393 optatus,
418 3320 452 3380 fit
472 3323 504 3381 in
525 3322 643 3392 Tabia,
674 3339 727 3381 cur
748 3320 835 3384 telles
865 3321 984 3382 aliunde
1006 3316 1222 3394 conquireret?

243 3407 314 3463 Non
331 3407 418 3465 aliurn
435 3407 544 3480 igitur,
566 3421 651 3482 quam
666 3405 758 3476 ipsum
772 3407 902 3466 Tabiana
914 3405 965 3464 hic
981 3402 1112 3471 laudari,
1134 3402 1222 3474 plane

243 3485 408 3558 persuasum
426 3489 536 3548 habeo.
558 3488 654 3565 Quam
669 3504 774 3548 recens
790 3488 824 3546 fit
839 3490 1005 3560 inventurn,
1021 3487 1052 3546 S.
1062 3483 1223 3555 scripturo

244 3573 274 3629 in
298 3574 410 3640 capita,
432 3567 463 3629 bt
483 3572 665 3646 acriculus,
693 3570 754 3633 live
777 3571 969 3642 lediunculas
987 3568 1136 3638 tributio,
1164 3581 1224 3640 qua

244 3669 323 3712 nunc
343 3669 446 3711 omnen
467 3655 595 3726 utimur,
617 3669 726 3726 nemo,
749 3659 878 3727 opinor,
898 3666 956 3713 tarn
972 3667 1072 3724 parum
1090 3648 1223 3709 versatu·

244 3739 273 3795 in
293 3735 330 3793 V.
341 3735 379 3792 V.
391 3735 574 3808 Scriptorum
590 3737 695 3810 libris,
717 3738 768 3812 qui
786 3755 846 3798 nnn
864 3730 1113 3796 animadverierit.
1145 3731 1223 3790 Cum

245 3819 335 3892 igitur
352 3820 396 3891 illi
411 3836 470 3877 non
485 3837 537 3892 per
552 3837 709 3889 numeros,
730 3836 834 3880 utnon
852 3818 998 3894 solemus,
1019 3828 1068 3879 aut
1078 3816 1224 3890 labianta

245 3899 335 3972 lolius
358 3903 515 3973 scriptura
541 3917 733 3974 praeterquam
755 3904 784 3963 in
806 3903 941 3974 psalmia,
963 3899 1013 3959 sed
1029 3902 1104 3961 aliua
1120 3897 1224 3964 aliter.

246 3987 331 4049 multi
356 3999 453 4050 autern
479 3986 630 4064 adripias
655 3991 810 4135 agarenae,
838 3987 954 4065 aliquot
970 3983 1093 4046 subinde
1110 3979 1224 4050 exiuso

713 4080 731 4150 5
1122 4075 1202 4118 tot.-
