2784 4625
570 304 771 374 ²²³⁸
994 345 1203 438 'amr

141 485 336 589 liberavi,
381 507 484 598 quas
517 476 633 585 Deo,
671 473 788 594 quod
813 500 918 570 tenu
945 479 1047 572 mihi
1083 489 1204 574 toties

138 591 422 716 'peregrinanti
468 594 616 711 gaudia
660 590 824 694 fecerit,
871 594 1014 712 dignas
1066 625 1202 715 grates

143 712 357 819 referrem,
387 714 430 800 u
459 735 541 826 qun
571 710 724 795 ratione
752 713 900 795 mereri
938 711 1106 821 poffim,
1139 741 1203 821 ut,

144 828 317 943 quando
353 823 486 938 elapso
529 828 681 909 iterum
724 847 831 908 anno
867 822 1029 911 rursum
1065 823 1205 916 seriari
1287 847 1290 856 ’

142 945 283 1044 datur,
328 937 465 1026 salvus
511 937 605 1041 fim,
654 959 703 1023 ut
743 933 795 1021 ad
836 958 999 1027 exteros
1038 942 1203 1033 rursum

144 1054 343 1172 proficisci
380 1053 514 1157 liceat,
568 1073 616 1137 ut
651 1053 855 1135 inveniam
893 1055 964 1165 qui
1000 1050 1203 1144 benevole
1300 1121 1303 1126 ·

145 1197 216 1260 me
243 1169 457 1281 recipiant,
496 1169 567 1279 qui
597 1163 807 1267 doceant,¹
836 1169 909 1278 qui
939 1170 1123 1257 animum
1151 1171 1203 1258 ad
1278 1151 1308 1190 '⁹

145 1281 285 1372 altiora
313 1301 539 1393 provocent
566 1276 739 1380 consilia,
754 1279 828 1393 qui
858 1279 1083 1387 ostendant,
1108 1310 1204 1398 quae

144 1396 345 1481 vertenda
370 1398 413 1479 in
441 1395 580 1508 pattiae
609 1391 790 1495 bonum,
832 1390 1012 1495 domum,
1034 1423 1205 1488 mecum

147 1534 382 1621 reportem3
420 1531 469 1594 ut
506 1531 685 1603 novum,
733 1530 821 1617 quo
865 1512 996 1622 magis
1044 1509 1238 1626 sempera

146 1621 302 1738 profinr
333 1625 494 1732 patriae,
529 1619 873 1729 humanitatique,
903 1621 1035 1709 robur
1064 1631 1206 1742 accipi·

147 1764 228 1823 am.
285 1734 402 1822 Nihil
432 1737 575 1846 igitur,
618 1729 733 1845 quod
763 1730 815 1818 de
843 1738 1006 1845 gemina
1031 1737 1106 1826 hae
1135 1768 1206 1855 pe-

146 1853 424 1967 regrinatinne
450 1847 502 1932 ad
530 1871 570 1931 te
595 1842 793 1948 reseram,
837 1850 894 1932 mi
924 1847 1093 1960 Optime
1121 1854 1207 1944 Boe'·

149 1967 268 2066 nike,
296 1962 431 2049 adhuc
459 1960 658 2078 superest,
688 1961 758 2044 nisr
787 1984 834 2046 ut
861 1960 998 2049 valere
1026 1988 1067 2050 te
1088 1967 1209 2079 jube·

148 2105 237 2181 am,
271 2099 541 2191 togamque,
585 2100 638 2159 ne
672 2070 833 2183 spernas
870 2102 1026 2166 munus
1056 2079 1209 2173 litteral

146 2196 261 2295 ‚rium
288 2186 504 2280 levidense.
548 2186 590 2278 Si
620 2213 714 2303 quae
742 2190 846 2272 inter
868 2187 1094 2303 legendum
1122 2219 1206 2284 tan.

150 2312 278 2422 quam
318 2302 491 2404 leviora,
535 2306 778 2415 minusque,
822 2330 914 2414 quae
940 2309 1060 2418 ¹typis
1088 2308 1207 2397 edan.

150 2444 246 2522 tur,
271 2416 390 2532 digna
418 2413 541 2503 obelo
582 2441 660 2505 ceu
686 2417 878 2528 'stigmate
920 2418 1096 2507 notanda
1132 2425 1206 2515 tibi

149 2532 434 2643 videbuntur3
480 2527 651 2642 indulge
694 2555 841 2641 precor
896 2534 1013 2619 amici
1058 2540 1210 2642 arnico,

95 2730 97 2737 .
151 2672 246 2761 qua
270 2639 495 2733 meminisse
520 2639 713 2746 delesiat,
749 2649 1086 2740 communicantis
1115 2678 1206 2744 ver·

148 2761 326 2856 bosrtati.
383 2758 536 2846 lterum
558 2759 798 2879 iterumque
819 2755 921 2848 vale.
966 2786 971 2799 ·

249 2947 370 3098 'Dedi
396 3034 447 3096 ex
475 3004 625 3121 Musaeo

201 3188 339 3250 xxrrr.
376 3163 659 3243 Decumum

282 3285 546 3351 Mucctxxxx.

152 3412 215 3497 ipit
232 3411 280 3478 die
300 3411 526 3490 quantacun·
544 3424 626 3474 meur
644 3422 726 3468 nove
741 3411 845 3482 prole,
875 3409 936 3501 fllia
951 3409 1081 3511 secundia
1096 3364 1213 3493 (enin,

230 3517 305 3588 mihi
323 3519 513 3596 cognomine,
538 3508 690 3591 francisca
704 3511 746 3574 eil
759 3511 860 3581 rufine
877 3513 1017 3585 feliciter.
1131 3560 1154 3614 .·
1174 3518 1177 3523 '

718 3872 757 3919 ”
883 3906 885 3913 ¹
976 3896 1238 4025 ruunt
