2784 4625
591 354 788 368 ..........
1173 346 1246 402 Ὃ,

112 476 117 482 ’
152 484 268 575 baud
289 482 500 583 dubitavit,
529 479 655 595 idque
674 485 784 572 nulla
802 486 1032 573 vicinorum
1050 454 1224 597 quidem

108 665 119 693 ,
140 625 333 716 uagum,
387 599 678 712 Principumve
718 602 910 685 invitatus
929 601 1218 691 ¹aemulatione.

149 716 246 803 Nec
272 741 372 799 vero
397 716 617 827 quisquam
638 717 791 800 viciniae
810 713 932 799 fimile
950 715 1053 826 quid
1070 717 1136 801 vel
1155 745 1219 804 co·

149 854 271 915 natus
295 825 492 914 baclenus
525 825 679 922 fuerat,
731 828 883 914 tametsi
914 832 957 911 in
980 832 1218 943 amplilltrna

102 983 107 992 ·
150 941 308 1057 positus
332 940 515 1025 fortuna:
547 941 615 1027 nist
634 935 750 1055 q'uod
767 947 872 1030 inter
889 967 1087 1055 cognatos
1106 941 1216 1032 Prin·-

151 1061 268 1169 cipes'
285 1055 423 1170 Julius
440 1057 539 1142 Dux
556 1081 601 1142 ut
616 1062 755 1142 animo
778 1061 893 1172 regio
914 1056 1020 1141 hane
1038 1061 1215 1147 nostram

147 1170 305 1286 Juliam
334 1168 592 1271 condiderat,
623 1174 678 1256 ita
703 1172 745 1256 dc
769 1171 1081 1273 bibliothecam,
1121 1200 1224 1285 quaev

149 1288 328 1398 Nepotis
350 1281 542 1370 Friderici
568 1284 701 1371 Ulrici
725 1286 852 1372 Ducis
877 1285 1075 1394 beneficio
1104 1285 1215 1372 deni·

155 1427 239 1514 que
261 1400 370 1485 ceffit
387 1401 528 1484 nostra
546 1397 645 1485 huic
670 1398 923 1502 Academia,
965 1400 1033 1486 fibi
1057 1402 1215 1486 struere

146 1511 365 1626 incepillet',
396 1538 446 1595 eo
467 1538 605 1597 tamen
623 1510 822 1614 succellu,
852 1537 899 1597 ut
919 1513 1034 1627 quod
1045 1514 1102 1625 de
1127 1507 1215 1601 Cae'·

143 1626 227 1714 lare
243 1627 356 1741 Julio
374 1628 617 1739 &Augusto
634 1630 676 1712 in
693 1624 912 1712 doctorum
931 1625 1215 1735 monumentia'

145 1740 1215 1858 legimusmeritodicendumdenostrisveniatzJuli·¹
1281 1755 1288 1762 '

143 1861 218 1964 um
230 1855 519 1943 bibliothecam
532 1850 727 1967 drllilroffe,
738 1858 976 1971 Augustum
988 1852 1211 1967 perfecille.

215 1980 218 1986 '
256 1976 290 2058 ,⁴⁴
299 1971 498 2058 Ceterum
518 1996 602 2053 non
628 1996 778 2081 magno
797 1974 926 2083 magis
944 1974 1079 2055 animo
1097 1965 1214 2084 Etim

144 2096 242 2195 ceps
256 2110 392 2199 quam
409 2082 609 2196 prudente
627 2084 792 2169 consilio
809 2112 896 2169 rem
914 2080 1121 2200 adgrellus
1140 2084 1209 2172 ell.¹

146 2198 290 2313 ltaque
316 2225 400 2283 non
424 2224 475 2281 ex
500 2196 721 2283 Germania
749 2198 945 2283 duntaxat
967 2199 1098 2283 nostra
1124 2197 1210 2283 uni

143 2311 278 2414 verl'a,
308 2311 373 2397 scd
397 2311 548 2413 Gallia,
589 2295 830 2422 Hispannia,
868 2313 1090 2420 Britannia,
1122 2312 1210 2396 Bel·

145 2430 216 2538 gio
225 2485 240 2530 ,
287 2424 490 2540 quidquid
521 2423 702 2510 melioris
726 2435 830 2512 notae
854 2423 1055 2509 librorum
1079 2425 1209 2539 accipi

140 2542 300 2651 potuit,
329 2538 487 2653 magnis
503 2539 714 2651 impenfis,
747 2560 948 2650 quantum
966 2541 1090 2625 annui
1111 2546 1209 2650 pro·

142 2679 293 2740 ventus
317 2657 587 2766 patiebantur,
613 2652 663 2737 ab
682 2652 754 2738 illo
769 2679 905 2769 usque
924 2655 1054 2739 statim
1074 2653 1208 2749 lauda·

144 2790 190 2861 to
215 2784 323 2853 anno
348 2764 444 2852 fecit
468 2770 678 2880 conquiri,
711 2771 753 2856 dc
783 2774 1022 2879 comparari.
1081 2769 1208 2856 Com·

139 2881 318 2969 modurn
337 2879 480 2967 scilicet
495 2887 645 2965 'omnes
665 2879 753 2966 illas
771 2906 896 2966 terras
913 2887 954 2967 in
970 2881 1144 2967 Siciliam
1163 2883 1207 2971 δε

142 2993 317 3083 Maltam
337 3023 471 3106 usque
488 2992 737 3106 progressus,
764 2997 1000 3082 lustraverat
1014 2996 1095 3106 jam
1116 3020 1208 3080 tum

140 3109 275 3194 studio
299 3109 491 3216 inufitatae
518 3109 908 3222 indolisprinceps3
961 3105 1207 3217 conciliarat·

141 3225 316 3337 quesibi
334 3243 428 3310 cum
440 3222 725 3309 litteratissimis
744 3224 983 3337 quibusque
1000 3248 1046 3308 ut
1063 3223 1103 3318 δι’
1122 3219 1208 3306 aliis

141 3335 313 3422 librariae
339 3341 395 3421 rei
423 3337 694 3440 amatoribus,
711 3338 1016 3450 annos'aliquot
1039 3334 1214 3450 propio-¹

144 3477 236 3536 rem
270 3447 613 3561 familiaritatem,
661 3479 844 3562 quorum
878 3450 1050 3565 proinde
1081 3465 1206 3564 opera
1281 3552 1286 3559 ,

138 3565 283 3676 paffim
302 3562 525 3667 terrarum,
563 3593 661 3653 cunr
686 3571 825 3676 primis
846 3569 887 3649 in
908 3566 1013 3650 ltalia
1034 3565 1206 3678 quidem
1262 3599 1285 3676 j

137 3682 305 3783 Romae,
352 3680 548 3791 Neapoli,
595 3683 777 3766 Venetiis
807 3709 854 3765 ac
885 3678 1119 3784 Florentiae,
1162 3682 1207 3764 in

140 3790 272 3878 Gallia
293 3792 471 3880 Lutetiae
496 3791 762 3897 Parifiorum,
797 3798 839 3880 in
857 3791 1006 3906 Anglia
1023 3791 1208 3901 Londini

141 3906 187 3996 &
212 3908 368 3999 Oxonii
486 3932 533 3996 ut
562 3904 689 4020 Belgli
716 3910 758 4001 dr
783 3911 1016 4107 Germaniaq
1038 3908 1126 3993 loca
1145 3916 1208 3990 ce·'

455 4036 458 4040 ’
573 4044 576 4053 ‘
640 4049 720 4138 ες
834 4091 839 4101 1
1019 4023 1152 4108 ebrio·
