2784 4625
260 462 529 571 Perveneram
552 465 685 553 nescio
705 492 794 582 quo
810 461 1001 554 vehiculo
1018 462 1219 558 Helmlla·

143 578 271 671 rlium
288 608 434 698 usque,
447 582 754 670 commentatio
772 586 813 667 in
834 582 1220 697 Justinnmmarty·

141 726 240 786 rern
264 724 357 784 meo
381 697 545 782 hortatu
570 697 737 807 scripta,
768 698 812 785 ta
838 723 891 779 ex
913 696 1101 792 cathedra
1117 723 1216 787 meo

140 810 357 927 prandio,
386 815 532 913 avito,
563 837 691 925 quem
716 829 827 897 nunc
845 803 1068 925 Collegam
1093 837 1215 899 vene·

143 951 242 1030 ror,
280 924 333 1013 cl.
359 922 525 1012 Adamo
546 922 731 1038 Josepho
755 926 971 1034 Onymus·,
1001 952 1098 1013 cum
1125 951 1212 1013 rea

95 1115 97 1122 .
128 1039 333 1128 =demicos
358 1039 538 1126 honores
556 1062 741 1152 caperet,
766 1035 950 1125 disctilia:
997 1045 1126 1151 prima
1151 1044 1213 1148 in·

95 1161 99 1284 i
144 1179 208 1240 ter
224 1159 352 1242 varias
370 1153 462 1239 alias
479 1152 591 1239 dere
610 1156 808 1265 patristica
828 1154 1212 1242 commentationes

95 1287 97 1300 ·
143 1267 392 1381 adilcipn'lis
414 1271 517 1355 meis
542 1292 638 1353 meo
665 1268 834 1355 hortatu
858 1266 1043 1377 scriptas,
1087 1270 1130 1359 rr
1155 1270 1212 1357 di·

145 1381 443 1494 spontionibus
461 1377 654 1493 publicis,
683 1405 752 1466 me
776 1381 1070 1493 utplurimum
1088 1386 1212 1486 etiam
1254 1463 1260 1474 .

145 1496 329 1608 praeside,
368 1487 567 1582 discullas.
638 1492 802 1581 Eodem
827 1520 1014 1608 tempore
1039 1495 1211 1593 conscri-

144 1608 297 1697 bendos
321 1608 373 1696 de
401 1636 446 1696 re
468 1609 658 1695 litteraria
674 1608 1035 1698 universaannuas
1053 1610 1211 1699 relatio·

144 1750 217 1810 nes
243 1729 287 1812 in
311 1722 348 1809 se
373 1718 532 1836 suscipit
555 1718 789 1825 Henclrius‚
820 1748 943 1839 quas,
969 1750 1016 1811 ur
1032 1730 1135 1812 meis
1153 1727 1209 1813 ci·

145 1839 288 1941 vibusr
309 1838 479 1952 aliisque
497 1859 574 1948 per
589 1859 716 1923 terras
733 1837 886 1924 vicinas
907 1840 1085 1927 litteratis
1110 1844 1209 1927 viris

147 1953 456 2053 commendem,
485 1945 586 2037 datis
598 1950 742 2037 litteris
755 1974 890 2066 rogae

254 2063 390 2153 Norae
427 2064 612 2169 amiciriae
636 2062 678 2152 ἃ
704 2064 931 2155 litterarum
956 2067 1208 2171 commercii,

146 2177 259 2293 quod
280 2180 332 2266 ab
350 2176 446 2266 inde
465 2172 843 2293 frequentiffimum
862 2177 948 2267 fieti
973 2185 1110 2293 coepit,
1136 2206 1209 2296 op

147 2294 439 2406 portunitatem
466 2299 664 2408 optimam
700 2317 753 2381 eo
774 2292 985 2395 lubentius
1015 2295 1210 2416 arripien-

148 2411 239 2498 dam
259 2407 408 2512 censui,
440 2405 556 2524 qnod
573 2404 957 2496 Helmstadienfium
976 2408 1209 2496 academia

95 2592 96 2603 r
147 2521 420 2626 benevolum,
450 2525 477 2615 sa
502 2524 571 2610 cul
588 2518 722 2616 alteri,
742 2527 952 2626 animum,
981 2521 1065 2634 jam
1082 2523 1135 2611 ab
1156 2550 1210 2613 eo

95 2708 97 2730 .
148 2661 335 2752 tempore
352 2630 555 2747 profellus
572 2637 656 2739 fim,
680 2663 769 2750 quo
785 2643 961 2750 primam
979 2641 1070 2751 cepi
1088 2637 1209 2725 histo·

95 2796 115 2855 ν,
145 2756 213 2837 riae
252 2749 451 2839 litteratim
493 2749 739 2864 Theologiae
783 2754 980 2839 notitiam.
1063 2750 1208 2840 Visum

95 2895 103 2954 ι
142 2852 392 2952 enim'mihi
419 2866 481 2951 est
509 2860 668 2975 semper
696 2862 971 2952 liberaliorem
1000 2860 1051 2951 de
1081 2866 1209 2954 rebus

95 3010 102 3070 ε
145 2974 392 3095 theologicis
422 2973 686 3065 sentiendi&
720 2974 948 3093 disputandi
986 2984 1206 3076 rationem,

139 3089 234 3181 lete
248 3118 271 3181 a
287 3092 518 3205 primarius
537 3095 711 3209 origine,
729 3093 976 3205 potiffimum
993 3092 1128 3179 a'utem
1147 3099 1206 3179 in·

95 3259 102 3276 ·
148 3206 197 3293 de
218 3234 243 3295 a
265 3205 454 3322 Georgio
478 3206 662 3310 Calixto,
690 3207 748 3293 ibi
774 3201 958 3323 viguiile,
980 3230 1106 3320 atque
1127 3206 1204 3294 viri

95 3370 101 3386 ·
146 3316 271 3434 hujus
289 3316 450 3407 lommi
467 3375 493 3423 ,.
517 3319 560 3409 n
588 3319 733 3434 oprimi
763 3323 983 3439 ingenium
1009 3322 1052 3408 δι
1075 3320 1207 3411 erudi·

140 3437 299 3523 tionem
315 3437 358 3521 in
379 3430 567 3525 Henckio
590 3427 751 3548 spirare.
870 3496 872 3501 -

256 3548 464 3665 Magnum
487 3550 528 3637 in
551 3546 727 3637 modum
750 3544 872 3637 aulia-
892 3544 950 3635 est
971 3571 1063 3652 tnea
1083 3548 1126 3635 in
1149 3553 1207 3636 ri·

95 3708 99 3727 ·
141 3687 242 3751 rum
262 3659 548 3752 benevolentia
572 3661 616 3751 81
634 3664 884 3764 reverentia,
913 3668 1077 3787 cumin
1099 3662 1207 3753 aeder

139 3774 234 3887 ejus
250 3769 456 3881 admiilna,
472 3800 601 3893 quem
620 3775 670 3862 tle
685 3773 918 3895 longinquo
938 3771 1207 3890 suspexeram,

138 3915 259 3983 nune
281 3888 455 4009 presens
470 3885 712 4007 presentem
734 3914 808 4006 per
830 3892 1208 4027 totamvossidupm
1279 3945 1287 3950 -

224 4080 227 4085 .
342 4062 346 4070 -
655 4028 735 4092 aa
917 4023 943 4033 ‘¹
998 4028 1192 4101 antur·
