2784 4625
193 333 263 391 iii
474 312 871 397 annoririonis
899 375 901 382 ·
1061 306 1063 311 ’

193 478 267 551 iiis.
295 471 377 563 quid
396 470 447 545 est
464 470 692 565 Imperator?

234 579 262 637 Λ
275 574 437 634 Donatistis
453 580 578 645 primum
593 586 790 647 provocatum
806 574 847 633 eil
861 574 896 630 ad
911 563 1149 644 Constantinum,
1167 588 1259 650 querit

276 674 343 718 cuni
358 656 417 716 suis
435 658 523 715 rebus
538 661 634 719 ininui
650 660 754 719 savem
770 654 1046 774 deprebendiilcrit,
1067 656 1114 718 his
1135 655 1165 717 δι
1180 658 1263 719 ssmi-

276 742 356 802 libus
374 742 540 801 utebantur.
564 737 652 800 idriis

195 829 271 907 llil.
300 842 376 896 non
396 823 488 894 enim
505 822 709 916 respublica
727 819 803 893 est
794 841 830 894 iii
846 763 1003 895 Ecclesia
1021 821 1087 896 &c

157 987 165 1002 q
235 932 322 993 Hanc
344 917 516 982 sententiam
537 923 677 982 mirifice
682 924 833 983 extollunt
852 922 989 983 homines
1006 924 1076 998 illi,
1094 923 1145 996 qui
1166 921 1260 984 rebus

274 1003 392 1067 student
406 1009 516 1075 norim
537 1019 713 1079 putantque,
722 1004 810 1079 liuius
826 1003 977 1065 sententie
991 1005 1101 1065 sensum
1119 1007 1187 1077 elle,
1203 1009 1260 1065 lm·

274 1104 428 1165 penteres
450 1106 510 1147 non
534 1087 691 1159 Ecclesia,
713 1087 762 1145 sed
782 1087 941 1147 Ecclesiam
961 1093 1004 1149 eis
1021 1089 1165 1148 subditam
1182 1088 1259 1159 esse,
1288 1138 1290 1142 .

175 1227 180 1234 .
273 1186 325 1235 aut
342 1170 536 1232 lineEccle'sia
553 1172 766 1242 rempublicam
781 1168 853 1228 else:
874 1172 1033 1231 Ecclefiatn
1050 1188 1124 1229 vero
1140 1175 1201 1231 line
1214 1189 1260 1232 re·

275 1257 395 1331 publica
417 1252 471 1312 elie
495 1271 557 1314 uon
579 1256 670 1327 polle.
712 1253 750 1311 Et
763 1268 859 1313 tamen
880 1253 969 1331 siquis
985 1258 1110 1314 animum
1128 1258 1163 1313 ad
1180 1258 1260 1313 liuiic

275 1343 375 1401 locum
386 1337 538 1410 advertat,
561 1338 651 1414 longe
668 1337 753 1397 aliter
768 1353 833 1397 euin
850 1339 1023 1407 explicabit.
1041 1340 1168 1404 Optatus
1180 1343 1259 1398 enini

275 1423 375 1483 voluit
393 1420 513 1493 dicere,
535 1419 768 1494 imperatoribus
781 1421 915 1502 romanis¹
923 1438 985 1480 non
1005 1418 1060 1480 else
1080 1423 1259 1481 maledicen-

274 1507 366 1580 dum,
387 1500 437 1561 sed
458 1519 513 1575 pro
536 1506 579 1565 eis
603 1505 767 1568 orandum,
790 1505 946 1565 secundum
966 1504 1163 1592 Apostolum,
1188 1506 1257 1578 quia

276 1591 406 1663 quietam
419 1590 511 1661 magis
527 1590 619 1648 vitani
636 1586 795 1646 Christiani
812 1605 878 1647 cuni
894 1589 937 1645 cis
950 1587 1082 1663 agerent,
1089 1604 1177 1661 quani
1190 1604 1257 1648 curii

277 1672 345 1731 aliis
360 1671 550 1741 nationibus
570 1673 648 1742 apud
665 1686 758 1747 quas,
775 1675 857 1747 quod
871 1668 959 1730 essent
973 1673 1121 1740 barbire
1142 1669 1205 1729 non
1224 1671 1258 1728 li·

276 1744 366 1813 celiae
388 1752 570 1814 Christianos
594 1768 652 1813 tani
675 1755 775 1828 quiete
799 1758 940 1814 vivere..
957 1753 1064 1827 igitur:
1089 1712 1224 1831 ll’eipull·
1214 1772 1256 1811 icii

273 1855 330 1899 non
344 1833 413 1911 cll
401 1855 433 1895 rii
447 1833 587 1909 Ecclesia,
610 1836 680 1907 eli,·
685 1836 850 1897 Ecclesiam
871 1837 1051 1896 nonfacere
1072 1839 1169 1906 bella,
1195 1854 1255 1896 non

276 1923 360 1996 leges
381 1918 489 1994 figere,
512 1936 572 1978 non
594 1920 725 1994 populos
741 1919 792 1978 sub
807 1921 922 1994 legibus
941 1915 1100 1988 coercere,
1123 1938 1151 1994 n
1145 1936 1184 1975 on
1208 1935 1256 1979 res

275 2005 381 2064 civiles
397 2017 554 2072 exercere,
569 1999 599 2062 ii
614 2000 726 2061 similla.
746 2001 892 2077 Ecclest'ain
911 2016 1007 2061 autem
1022 2002 1072 2079 effe
1087 2005 1123 2072 iia¹
1135 2003 1261 2080 repulli-

275 2104 331 2151 sa,
354 2084 536 2145 Christianos
551 2086 602 2145 suli
619 2088 737 2158 legibus
754 2086 964 2157 imperatorum
981 2087 1105 2151 vivere,
1128 2085 1258 2159 prbtcgi,

277 2179 407 2244 quietam
421 2172 511 2227 vitant
528 2166 579 2226 sub
598 2170 641 2228 eis
664 2165 693 2225 or
708 2184 744 2227 ex
758 2183 858 2226 eoruni
874 2168 1060 2238 protestione
1078 2172 1205 2240 ducere,
1229 2166 1260 2226 lic

278 2253 392 2317 similia.
403 2248 521 2339 fisbsss'·
543 2276 580 2291 -
606 2253 763 2326 Imperium
777 2267 929 2311 romanum
943 2265 1005 2312 erat
1020 2267 1087 2312 ante
1101 2251 1261 2313 Ecclesiam

222 2358 225 2365 ·
275 2337 482 2404 constitutam
510 2333 640 2394 Ecclefia
662 2334 777 2406 inipso
801 2337 958 2395 constituta
981 2338 1022 2396 eil
1043 2333 1077 2394 st·
1096 2337 1261 2407 aedificata,

235 2463 238 2469 -
274 2439 338 2483 non
353 2432 450 2480 autem
467 2417 623 2490 Imperium
640 2421 669 2485 iii
687 2417 827 2479 Ecclefia.
849 2417 887 2476 du
899 2415 965 2485 Pin.
987 2447 1024 2485 --Υ
1062 2419 1152 2479 Nulla
1166 2421 1207 2474 etl
1228 2423 1258 2478 in

276 2507 388 2577 Optato
406 2501 568 2574 sententia,
589 2518 655 2578 quae
670 2505 765 2564 rarior
780 2504 834 2562 else
848 2504 983 2572 viderur,
1007 2518 1091 2574 quani
1107 2505 1179 2564 liaec.
1196 2503 1260 2560 Alii

202 2628 204 2633 -
275 2592 557 2658 interpretarentur,
574 2588 784 2660 rempublicam
809 2587 926 2662 quidem
951 2584 1006 2648 ell'e
1023 2585 1103 2655 polle
1122 2584 1181 2641 fine
1200 2585 1258 2643 Ec·

222 2721 232 2745 p
277 2671 415 2740 clesia,ut
430 2673 501 2728 olim
519 2671 579 2743 fuit
594 2670 764 2740 respublica
779 2684 910 2740 romana,
927 2666 1084 2726 Ecclesiam
1096 2685 1176 2735 ‚vero
1194 2685 1258 2728 noti

275 2753 357 2825 polle
374 2752 433 2810 sinc
447 2753 621 2823 republica,
643 2754 704 2811 iino
720 2751 807 2827 hujus
823 2765 938 2833 partem
954 2749 1020 2815 esse,
1043 2767 1107 2809 cuin
1123 2753 1152 2808 in
1168 2749 1261 2824 huius

276 2837 337 2898 siiiu
358 2836 453 2895 veluti
474 2834 630 2895 coalescat
671 2837 798 2899 Dicam,
818 2834 900 2910 quod
914 2833 1002 2907 hujus
1018 2836 1078 2892 loci
1096 2837 1188 2908 magis
1208 2834 1260 2891 cll.

276 2921 356 2980 Olim
378 2916 523 2979 solemnes
545 2919 573 2975 in
588 2917 708 2992 judaica
721 2917 851 2978 Ecclefia
869 2931 951 2978 eraut
968 2933 1072 2989 preces
1090 2933 1143 2988 pro
1162 2934 1258 2991 regno

182 3072 185 3077 .
274 3002 452 3076 Divitiis,
443 3018 473 3059 iii
490 3017 550 3077 quo
565 3001 695 3060 Ecclesia
711 3003 934 3077 intelligebatur
949 2998 1005 3057 esse
1019 3000 1139 3064 inclusa.
1158 3015 1258 3075 eoque

276 3090 407 3158 pertinet
424 3080 467 3146 Ps.
481 3097 549 3154 118
566 3081 596 3142 oz
611 3098 661 3158 72
678 3083 795 3145 &122
837 3087 930 3143 Fuere
951 3083 1087 3141 deinde
1080 3102 1107 3142 in
1125 3083 1258 3143 Ecclesia

276 3167 442 3229 Christiana
463 3169 607 3227 solemnes
628 3183 730 3235 preces
752 3183 808 3238 pto
822 3167 949 3238 imperio
962 3183 1085 3225 roniano
1104 3168 1205 3225 multis
1220 3171 1260 3225 de

277 3251 381 3314 cauus.
422 3249 550 3309 Primum
571 3250 649 3307 enirn
672 3252 722 3309 etsi
744 3251 846 3320 primis
872 3248 986 3308 saecniis
1009 3251 1164 3320 imperium
1181 3251 1259 3309 illud

275 3333 573 3398 valdeadversarium
597 3330 626 3391 oi
650 3333 786 3393 infestum
810 3333 879 3391 ellet
894 3330 1048 3402 Ecclesia,
1070 3346 1165 3390 tamen
1191 3333 1257 3403 ejus

276 3416 397 3492 Imperii
413 3416 634 3487 amplitudinem
658 3417 794 3487 prodesse
815 3417 851 3474 ad
874 3411 1117 3489 propagationem
1133 3415 1258 3488 religio·

277 3503 324 3560 nis
342 3498 499 3560 Clitllliani
515 3499 736 3564 existimabant,
758 3515 791 3558 ut
808 3500 945 3557 Ambros.
966 3513 1086 3556 annotet
1102 3503 1130 3555 in
1149 3497 1191 3554 Ps.
1201 3500 1255 3573 46.

278 3581 309 3644 δι
327 3583 434 3643 Euieb.
450 3583 485 3639 ad
502 3583 587 3640 finem
606 3583 672 3640 Lib.
682 3593 713 3660 3.
728 3580 762 3639 de
776 3577 927 3650 demonstr,
941 3578 1050 3659 Euerg.
1070 3579 1257 3641 &Prudenb

275 3666 343 3726 Lib.
353 3684 382 3725 2.
397 3680 500 3723 contra
513 3665 731 3736 Symmachum.
778 3665 894 3722 Deinde
911 3663 1068 3722 Christiani
1087 3680 1205 3722 veteres
1223 3665 1256 3723 ὄῑ

275 3752 377 3810 locuin
392 3748 473 3807 Pa‘uli
488 3747 523 3804 ail
538 3745 811 3806 Thessalonicenses
828 3749 864 3804 de
881 3747 1030 3818 Apollasia
1053 3746 1091 3804 fic
1108 3750 1257 3819 interpre-

275 3831 430 3903 tabantur,
452 3830 482 3890 si
498 3834 535 3889 de
554 3831 737 3890 Antichristo
754 3828 793 3890 fic
808 3833 894 3906 loqui
909 3831 1060 3899 solebant,
1082 3847 1115 3890 ut
1133 3831 1257 3900 profite-

276 3928 397 3980 rentur,
418 3913 650 3986 Antichristum,
672 3916 723 3988 qui
746 3912 902 3973 Eccleliam
924 3918 1044 3989 gravius
1066 3914 1255 3988 percelleret,

275 4010 434 4059 venturuiii
445 4012 506 4059 non
522 3994 578 4057 esse
597 4008 666 4058 ante
680 3995 834 4060 ruinani&
848 3997 1067 4073 dissolutionem
1074 3997 1189 4057 romani
1199 3999 1258 4065 lmq

1163 4095 1216 4150 peq
