2784 4625
161 310 216 383 ⁶0.

96 517 99 524 ,
145 531 148 550 .
215 431 218 434 v
241 455 429 543 prefflle‘ie·
442 460 601 535 delevisse,
629 463 713 539 quod
735 462 774 521 de
795 479 836 523 ra·
850 465 883 523 r'c
901 457 1052 534 scripserit
1074 462 1233 537 optume

538 291 887 379 Austornnronen:
936 319 964 380 rt
1073 381 1075 388 ,
1117 337 1120 344 ·

243 551 357 610 Verum
371 546 504 621 ututur,
526 546 645 606 aliunde
659 561 794 617 repetere
809 549 891 620 licet,
907 549 987 623 quod
1004 547 1230 607 lticdesrderarl

244 633 318 693 diali.
329 660 366 676 -
377 633 441 713 με
456 629 491 688 ad
508 630 657 689 hillorlam
669 632 890 689 revertendum.
912 630 1137 702 Constantium,
1156 633 1230 690 licet

215 717 376 777 ualidam
404 714 622 775 Donatistarum
649 703 803 774 audaclrdr
831 711 963 782 dixisset,
991 714 1230 791 tamenadlnifit

244 815 348 858 eorum
365 797 613 869 appellationem,
635 793 667 856 dc
677 795 799 870 judicer
815 796 867 856 aba
885 795 914 853 se
930 800 1041 866 periton
1057 797 1233 857 ecclefiasli·

246 881 421 957 condedit,
442 877 473 941 dt
496 879 534 940 stc
555 877 688 939 lrrbltum
713 880 752 937 eli
770 878 939 941 Concilium
957 879 1090 951 Arelat,
1112 881 1230 957 inquo

244 964 344 1027 rursus
359 966 435 1025 allon
450 962 536 1037 jubet
551 961 717 1037 Episcopus
733 962 770 1021 de
785 962 842 1024 hnc
859 960 944 1023 causa
961 961 1156 1039 cognoscere.
1181 966 1230 1024 Ad

248 1048 311 1108 hoc
324 1046 496 1107 Concilium
514 1044 727 1107 Constantinus
742 1045 873 1107 advocat
894 1046 922 1107 dt
940 1044 1118 1117 Episcopum
1136 1046 1232 1106 Chre·

247 1129 521 1201 liumdpracnsrum
538 1146 573 1187 ex
588 1130 690 1190 Sicilia
710 1144 775 1188 curn
791 1132 909 1190 duobus
926 1130 1230 1202 alltsrcoeplicepir,

245 1219 291 1275 uti
306 1216 341 1275 L.
355 1229 400 1274 ro.
408 1211 474 1273 hist.
484 1212 605 1273 Eusebii
618 1212 799 1279 uidendum,
817 1229 851 1272 ac
867 1210 1131 1287 quidemeroresse
1149 1230 1231 1271 man-

246 1299 316 1370 dat,
337 1310 372 1355 ut
383 1297 414 1355 ld
429 1296 480 1356 fiat
496 1299 572 1354 intra
587 1294 796 1370 Cal.llugusli.
818 1297 887 1375 Quo
903 1310 998 1355 autem
1014 1313 1111 1374 anno,
1131 1295 1230 1355 n'esci-

245 1394 314 1450 tur,
335 1395 400 1440 cum
417 1377 561 1439 Consulec
579 1376 735 1452 subscripti
756 1380 786 1438 in
808 1380 993 1440 constantini
1015 1380 1161 1450 rescripto
1177 1380 1230 1438 de·

245 1465 311 1525 lint.
332 1464 391 1523 Sed
408 1478 468 1522 non
486 1476 597 1523 temere
615 1460 759 1536 suspicor,
775 1461 882 1522 socium
899 1464 930 1521 id
946 1463 1001 1521 esse
1018 1462 1180 1523 Volusiano
1198 1462 1230 1526 dc

186 1545 193 1554 “
240 1544 491 1614 ¹linnlatrocilss.
511 1547 572 1606 lroe
586 1547 646 1619 esi,
668 1561 746 1604 anno
762 1546 1231 1620 postjudiclumronprorimo,

249 1647 310 1706 quo
327 1631 416 1690 etiam
433 1628 660 1691 nonnullius.
678 1630 782 1689 Novit.
803 1629 925 1691 memini
946 1630 1083 1690 Treviris
1104 1628 1228 1688 edidisse

92 1693 97 1704 .
220 1724 223 1728 ’
246 1718 343 1790 legem
360 1714 505 1791 quandam
527 1714 564 1771 cie
577 1712 716 1784 appellat.
732 1712 934 1782 recipiendis,
963 1711 998 1773 L.
1017 1724 1044 1771 1.
1062 1711 1098 1773 C.
1116 1711 1175 1772 Tin.
1191 1712 1229 1771 de

245 1794 348 1877 appell.
391 1795 487 1855 Porro
506 1794 719 1856 Constantino·
742 1796 773 1853 in
789 1798 843 1857 illo
860 1797 896 1855 ad
913 1793 1066 1854 Circesium
1079 1794 1227 1868 rescripto

246 1883 437 1942 nullomodo
451 1877 669 1939 Donatistarum
685 1881 828 1939 meminit.
848 1879 1028 1950 Simpliciter
1044 1891 1154 1945 narret,
1171 1894 1227 1938 eoa

245 1965 350 2026 Romae
362 1962 422 2036 jam
429 1961 586 2033 iudicatos
599 1963 683 2021 nolle
698 1962 772 2021 slare
784 1964 874 2039 reboo
885 1960 1046 2036 judicarint
1066 1960 1227 2034 hinorum

249 2047 437 2110 obtendant.
455 2044 540 2104 causa
560 2045 690 2103 nondum
714 2044 783 2105 satie
802 2046 942 2122 cognita,
964 2046 1033 2118 quia
1047 2049 1133 2116 pauci
1147 2045 1229 2119 judi·

249 2128 488 2190 consonantiam
506 2129 753 2200 praecipitassent,
775 2128 804 2187 se
818 2128 922 2200 iubere
937 2129 1067 2198 debere,
1087 2143 1120 2188 ut
1138 2128 1230 2187 adve-

250 2205 334 2272 niant
355 2209 494 2284 Episcopi
517 2225 552 2268 en
571 2205 694 2287 infinitis
714 2212 792 2271 locis
812 2215 842 2271 in
865 2212 968 2271 urbem
990 2212 1104 2271 Arelat.
1131 2225 1228 2285 utque

249 2297 368 2357 tandem
389 2294 673 2367 communiiudiclo
690 2296 776 2355 sinent
797 2296 951 2368 imponant
965 2294 1036 2355 huic
1051 2308 1229 2355 controver-

246 2381 314 2454 srae.
335 2379 420 2441 causa
435 2381 594 2454 diligenter
609 2375 780 2454 cognitu&
796 2396 877 2452 parte
891 2386 1014 2454 utraque
1032 2379 1142 2441 audita.
1162 2378 1230 2438 Do-

244 2466 384 2529 lendum,
405 2461 466 2521 atta
486 2462 575 2537 hujus
596 2463 730 2522 Concilii
749 2463 927 2523 Arelatensi
951 2459 1139 2522 intercidisse.
1178 2459 1226 2520 Ex

168 2603 171 2607 .
245 2547 419 2623 fragmentis
439 2545 512 2621 licet
535 2544 734 2617 permendosts
756 2547 817 2606 hoc
838 2545 937 2605 saltem
956 2543 1110 2615 perspexi,
1140 2545 1226 2620 quod

165 2666 168 2671 ,
243 2630 366 2703 praeside
379 2628 534 2701 Sylvestro
548 2626 710 2688 successore
726 2629 874 2688 Miltiadis
897 2627 931 2684 stt
946 2628 1090 2686 habitum.
1132 2627 1228 2705 Quod

165 2742 170 2747 ·
245 2714 334 2772 valde
351 2709 570 2784 corruptumst
586 2710 630 2780 ld,
641 2711 722 2784 quod
738 2711 776 2770 de
790 2711 850 2771 ltoc
867 2711 1009 2771 Concilio
1024 2708 1158 2770 residium
1174 2711 1228 2770 ha-

166 2830 175 2839 ·
243 2798 365 2860 bemus,
385 2793 444 2868 jam
461 2795 531 2853 inde
547 2795 767 2872 consito-qood
781 2798 817 2854 dc
831 2796 949 2854 sirianis
961 2793 1071 2853 eodem
1088 2794 1227 2866 tempore

165 2904 170 2911 ·
243 2880 376 2941 nondum
392 2879 475 2937 notia
493 2877 623 2951 quedam
637 2891 916 2939 commemorentur.
936 2904 972 2926 -·
1000 2876 1033 2935 ln
1046 2876 1107 2936 lnoe
1122 2875 1226 2940 Cone.

164 3002 170 3015 ·
243 2965 357 3023 Arelat.
372 2958 470 3021 rursus
486 2959 663 3020 Caecilianur
679 2964 721 3022 cll
732 2959 1040 3028 absolutue,Donatur
1057 2962 1227 3030 damnatus,

163 3072 167 3077 -
244 3059 427 3120 quapropter
454 3042 613 3103 Donatistae
639 3045 746 3104 lterum
775 3044 1005 3105 Consentinum.
1028 3044 1228 3117 adpellarunt.

243 3129 371 3199 Recepit
385 3127 614 3199 adpellatiooem
634 3127 705 3186 telle
719 3127 885 3201 Augustino
902 3127 973 3197 epist
1003 3132 1088 3196 soc..
1110 3120 1143 3184 dr
1156 3129 1225 3186 lile·

162 3244 192 3278 a
246 3214 360 3273 diolani
374 3208 478 3268 dehac
496 3211 579 3270 causa
592 3211 739 3285 iudicavit
754 3213 813 3269 icat
834 3207 955 3269 Percidi
965 3251 975 3280 ‚
995 3211 1111 3284 inquit,
1133 3205 1224 3266 Caeci.

245 3295 352 3359 lienum
372 3295 448 3353 omui
468 3294 639 3353 innocentio.
651 3278 820 3371 preditum,
846 3310 878 3352 ec
892 3291 988 3369 desita
1003 3292 1151 3371 religionis
1160 3291 1224 3369 sure

243 3375 524 3458 officioseruonum,
543 3380 622 3456 eique
638 3378 702 3442 ico,
725 3376 920 3456 neuportum,
939 3375 1117 3454 seruientem.
1148 3375 1221 3454 Quo

242 3477 377 3536 tempore
393 3462 424 3518 id
436 3459 564 3532 sudium,
585 3460 902 3535 Augustinus-testante
918 3460 991 3519 Lib.
1001 3474 1104 3520 eontra
1119 3457 1223 3518 Dona·

242 3545 300 3603 till.
316 3545 380 3618 poll
396 3542 505 3607 Collat.
522 3561 548 3604 c.
559 3557 630 3618 33„
651 3546 703 3604 ubi
720 3543 840 3613 scribit,
862 3541 1085 3602 Constantinum
1100 3542 1137 3600 de
1153 3542 1227 3601 Cae·'

170 3642 173 3649 ·
201 3650 203 3655 ·
242 3628 344 3686 ciliani
359 3630 535 3702 purgatione
554 3626 690 3698 scripsisse
706 3621 760 3687 lv.
771 3627 975 3688 ld.Novemb.
991 3627 1101 3685 Sabino
1117 3625 1146 3684 dr
1160 3629 1224 3689 Ru·

171 4000 175 4009 ,
192 3986 195 3991 ·
233 3960 496 4040 ,collat-canuno.
511 3960 700 4041 inpudenter
714 3963 883 4031 cavillando
899 3976 1073 4037 retorquere
1087 3960 1152 4020 sunt
1168 3977 1225 4020 co-

474 4088 478 4098 =
1111 4058 1186 4108 ultr.

155 3726 160 3797 j
239 3709 303 3771 lino
311 3709 397 3770 Cosa.
416 3705 502 3788 Ergo·
511 3729 542 3786 4.
557 3728 634 3772 anno
649 3711 770 3784 possea,
792 3727 877 3786 quam
890 3711 954 3770 haec
969 3709 1054 3770 causa
1071 3726 1106 3767 ex
1116 3710 1223 3776 Africa

152 3808 172 3839 .·
200 3852 203 3857 ,
237 3794 364 3869 primum
381 3795 441 3855 suit
455 3795 551 3853 delata
567 3797 603 3855 ad
619 3795 845 3857 Constantinum
857 3834 875 3864 ,-
892 3800 945 3854 vix
960 3795 1078 3852 tandem
1097 3793 1221 3854 definita

219 3874 386 3955 'postremo
406 3879 457 3937 eil.
475 3877 535 3938 Hic
550 3893 647 3939 autem
661 3881 713 3939 ille
728 3880 815 3939 locut
830 3880 891 3943 cll,
914 3893 1001 3954 quem
1015 3876 1174 3938 Donatistae
1190 3882 1223 3937 in

213 4346 362 4388 *4
