2784 4625
210 344 329 410 clxxx
451 357 484 389 a
635 313 960 372 ’'ff-²·

207 509 258 571 ro
284 483 410 569 vitam
428 476 527 566 solet
546 477 807 594 disjungere,
835 506 926 569 acre
945 485 1143 598 utrinque
1162 485 1281 570 relin-

211 620 347 797 quens
372 591 429 680 sui
453 592 723 698 defiderium,
762 598 805 684 δι
832 601 1024 697 unicum,
1066 623 1153 710 quo
1177 598 1281 685 illud

229 710 427 822 olentur,
462 708 666 810 medium,
717 706 829 821 spem
855 709 1192 812 immortalitatis,
1238 740 1285 797 ac

212 825 445 912 communis
471 823 519 907 ali
552 822 686 909 uando
703 824 745 907 in
768 827 926 911 aeternis
952 822 1115 911 sedibus
1144 824 1281 912 beato·

214 959 331 1040 tum,
356 849 587 1025 obtinenda
605 939 759 1050 patriae.
852 921 861 940 ’

291 1164 520 1273 Michaelis,
530 1168 736 1270 Modicus,
746 1168 870 1256 Patris
880 1170 1057 1283 Avique,
1067 1168 1282 1257 illustrium

212 1288 322 1376 inter
331 1284 566 1396 Philologus
580 1283 806 1371 Orientales
827 1287 1060 1384 nominum,
1078 1288 1196 1397 queis
1215 1312 1282 1369 ne-

213 1397 620 1511 moTbeologorum
631 1393 901 1509 nonassurgit,
919 1400 1157 1484 memoriam
1176 1402 1279 1483 exci

214 1515 335 1621 tavit3
380 1513 666 1623 honoremque
692 1535 818 1624 quem
844 1512 927 1597 filio
947 1509 1040 1595 sum‘
1064 1506 1280 1620 professus,

119 1707 122 1712 s
215 1650 299 1725 tarn
316 1630 509 1737 propriis,
531 1628 648 1737 queis
664 1627 707 1709 in
726 1624 1115 1737 Hippocraticorum
1134 1626 1280 1730 ordine

216 1738 355 1841 claret,
374 1757 503 1853 quam
521 1737 746 1851 insignibus
762 1736 1084 1849 PatrisAvique,
1101 1738 1152 1823 de
1167 1738 1281 1830 theo·

215 1850 229 1937 l
289 1856 361 1957 ica,
374 1851 619 1967 philologica
634 1849 855 1961 praesertim
871 1850 1093 1964 disciplina,
1110 1855 1278 1952 meritis,

217 1966 270 2051 ha
302 1970 369 2054 ui..
413 1966 594 2075 Maiores
617 1968 724 2049 enim
745 1968 792 2051 in
811 1966 984 2077 ‘posteris
1008 1969 1205 2064 revereri,
1232 1985 1279 2049 ut

214 2084 334 2194 pium
357 2079 401 2167 δι
423 2105 614 2192 aequum,
658 2080 714 2163 ita
738 2075 914 2165 solemne
952 2077 1108 2192 semper
1138 2078 1278 2163 habui.

217 2193 322 2280 lllud
341 2196 570 2305 praeprimis
583 2190 816 2305 jucundum
837 2187 937 2295 fuit,
967 2192 1189 2304 Marbutgi
1208 2196 1278 2275 eti·

210 2334 302 2410 am,
350 2311 573 2421 postrema,
620 2305 692 2393 ubi
726 2304 905 2420 aliquam
936 2332 1094 2393 moram
1123 2301 1281 2392 trahere

218 2423 525 2523 constitueram,
556 2422 684 2521 urbe,
722 2421 1011 2507 Boehmerianae
1036 2423 1166 2534 gentis
1191 2445 1280 2530 par·

217 2560 302 2619 tem
319 2535 526 2634 inveni-sse,
545 2534 750 2621 clarissimi·
762 2535 888 2644 hujus
908 2533 1062 2619 Medici
1080 2532 1277 2634 sororem,

214 2647 375 2733 illustris
408 2649 609 2735 Boelrmeri
643 2674 796 2733 nurum
827 2647 1014 2750 viduam,
1064 2641 1277 2731 foe'minam

214 2759 528 2848 honestissimam
576 2755 966 2880 ornatissimamque,
1057 2757 1275 2872 singulare

170 2938 172 2942 -
214 2879 324 2962 enim
350 2877 450 2961 mibi
476 2873 519 2960 id
544 2898 703 2987 nupero
729 2877 810 2961 lroc
832 2879 977 2960 itinere
1003 2878 1194 2986 contigit,
1227 2897 1276 2956 ut

214 2994 384 3074 inomni
403 2986 505 3090 fere,
529 3016 659 3100 quam
678 2987 730 3074 ad
761 3016 874 3075 mare
909 2988 1104 3075 Baltieum
1138 3011 1273 3096 usque

177 3096 188 3118 ”
214 3102 439 3214 pertransri,
461 3101 573 3189 urbe
591 3102 806 3202 nobiliori,
835 3100 1077 3215 Goettingae,
1107 3099 1273 3184 Hanno·

103 3253 105 3260 ·
206 3242 330 3315 uerat,
361 3217 622 3327 Llineburgi,
647 3218 933 3320 Hammoniae‚
969 3218 1011 3302 dr
1035 3210 1272 3325 Marburgi,

197 3328 323 3439 ,apud
351 3330 509 3440 aliquos
534 3329 656 3437 hujus
686 3332 819 3442 gentis
843 3327 1112 3414 laudatisstmae
1138 3325 1270 3437 quod·

211 3442 304 3532 dam
321 3441 587 3531 diversorium
605 3443 675 3527 sun
692 3439 847 3537 nasius,
862 3443 1096 3556 anriciffime
1112 3440 1270 3551 ubique

162 3610 165 3615 -
204 3581 422 3667 receptus,
459 3559 501 3643 81
520 3582 720 3669 perquam
737 3554 960 3642 liberaliter
979 3555 1162 3640 habitus:
1200 3557 1268 3651 ita,

178 3694 258 3755 ¹ut
281 3695 430 3772 totam,
464 3696 587 3788 quam
612 3673 754 3782 peregi
777 3674 904 3780 viam,
934 3671 1073 3783 aliquo
1089 3666 1200 3775 jure,
1239 3664 1268 3752 fi

206 3785 472 3898 quamejus¹>
491 3809 686 3916 mappam
721 3786 967 3872 itinerariam
1000 3779 1264 3882 conficerem,

205 3897 352 4013 pollim
367 3895 688 3993 Boelrmenantnr
709 3922 867 3987 vocare.
1084 3892 1205 3980 Sum·
