2784 4625
132 481 314 691 tmesisse,
345 496 538 603 etquein
570 492 698 580 totius
726 488 819 584 nitae
850 483 1042 580 habiturn
1073 512 1172 579 con·

132 634 202 694 ern
240 632 279 692 e.
427 643 436 670 -·
517 664 521 676 ·
683 687 688 694 ,
734 687 739 692 .

206 719 454 814 Facitenitn
469 715 567 804 nihii
589 720 720 831 tnagis
740 716 789 805 ad
813 714 959 829 justum
981 721 1169 833 ingenio·

132 859 192 924 rm
208 836 510 940 &animorum
531 832 874 935 moderationem,
894 857 1020 945 quern
1036 833 1168 926 multa

132 977 197 1038 rrn
215 949 360 1036 diversi
372 948 544 1051 ordinis,
562 949 606 1038 81
626 945 879 1062 diversatum
896 949 1016 1034 eriam
1034 954 1167 1064 tegio·

132 1092 200 1152 utu
225 1063 489 1172 huminibus,
520 1089 613 1177 quae
638 1060 1038 1176 peregrinationibus
1060 1067 1165 1151 obti-

132 1171 241 1283 itur,
269 1176 537 1266 consuet-udo.
594 1177 648 1264 Et
664 1177 722 1264 est
739 1180 992 1291 genuinum,
1016 1175 1163 1294 siquid

132 1289 227 1393 iud',
256 1290 526 1404 dijudicandi,
563 1291 871 1406 estimandique
896 1292 1078 1378 hominis
1101 1292 1163 1379 lit·

132 1410 241 1501 rati,-
254 1435 357 1494 nunt
376 1432 471 1493 vere
488 1403 657 1510 doetus,
697 1432 800 1492 num
823 1410 1004 1519 genuina
1025 1430 1167 1494 utatur

132 1522 328 1610 udiururn
345 1519 517 1616 suorum
535 1522 713 1621 ratione,
743 1519 962 1631 praesertim
981 1547 1084 1606 num
1108 1519 1165 1607 so·

132 1639 335 1724 ‚veritatis
353 1647 496 1722 aurore
515 1634 630 1721 estus
655 1633 782 1721 studia
806 1633 931 1735 colat,
962 1634 1004 1721 u
1024 1633 1161 1746 prose·

132 1750 285 1842 uetur?
321 1752 553 1836 criterium:
599 1746 631 1832 sr.
655 1747 837 1834 modeste
870 1747 987 1836 illum
1012 1749 1065 1833 de
1094 1748 1162 1837 sun

132 1870 293 1977 pinione
317 1863 480 1978 saperet,
522 1862 550 1949 fi
578 1861 811 1949 adversariis
836 1889 930 1978 quae
956 1860 1023 1948 sun
1055 1861 1160 1967 sunt,

132 1981 300 2066 ibuere:
329 1977 356 2063 sr
381 1981 510 2064 varias
534 1980 786 2091 quorumvis
812 1976 1076 2091 dogmatum,
1108 2004 1162 2064 ex

132 2095 255 2182 uibus
272 2092 567 2179 illnintueri&
591 2092 723 2194 licent,
754 2090 1041 2195 &usuveniat,
1070 2117 1160 2206 par·

132 2234 155 2296 :s
172 2205 254 2294 esse
271 2208 315 2293 &
333 2203 468 2311 nosse,
498 2209 541 2294 δι
561 2199 703 2308 fateri,
727 2187 1061 2318 deprehenderis.

220 2323 489 2436 Synererismi
507 2321 676 2433 quidern'
782 2345 835 2406 ut
855 2321 906 2406 ad
933 2318 1162 2430 specialiora
1241 2426 1244 2431 Ι

132 2431 354 2523 nusationis
374 2440 506 2549 capita
528 2437 780 2521 veniam
810 2437 944 2521 omnis
964 2435 1075 2544 fiqua
1098 2427 1163 2518 su·

132 2545 202 2651 set,
244 2550 436 2663 suspirie,
481 2558 643 2635 exem‘tt
676 2548 776 2633 mihi
802 2542 911 2648 fuir,
941 2544 1162 2636 Calixtina

133 2662 328 2780 riptnipsu
344 2665 514 2779 legenti:
545 2663 623 2749 suae
640 2667 751 2749 enirn
761 2661 959 2763 Ecclesrae,
979 2661 1160 2774 fideique

132 2806 193 2881 iae,
226 2803 429 2892 quantum
454 2778 543 2889 ejus
567 2777 639 2863 srbi
661 2782 764 2863 ratio
785 2779 983 2879 constitit,
1014 2777 1161 2888 proba·

132 2918 219 3006 que
236 2891 335 2995 fuit,
367 2895 718 2993 tenaceminveni,
746 2895 869 2978 etiam
887 2889 959 2978 ubi
978 2890 1161 2975 modeste

132 3008 386 3097 rCatholieis
411 3004 547 3101 dixit,
565 3005 815 3121 scripsitque,
844 3007 889 3094 &
908 3007 1021 3115 pacis
1049 3005 1161 3114 cogi·

132 3125 268 3209 tiones
293 3121 508 3209 volutavit.
574 3123 678 3227 Quae
705 3121 873 3208 alierum
890 3116 1162 3205 Ecclesrarum
1229 3192 1231 3196 .

132 3234 165 3323 st
183 3263 362 3349 erronee
379 3234 471 3321 sunt
491 3231 572 3329 visa
592 3235 800 3350 dogmata,
823 3257 983 3321 errores
1000 3256 1167 3334 vocare,

132 3357 337 3463 euriquam
353 3349 590 3437 dubitavit.'
703 3381 712 3457 j
1089 3373 1095 3383 ‘

138 3528 148 3551 t
213 3466 308 3566 Qua
322 3464 418 3550 Una
433 3461 625 3579 apologia
641 3463 776 3549 omnis
794 3459 913 3549 simul
926 3452 1162 3546 Indifferen·

132 3583 224 3679 erni,
252 3578 485 3671 hortamen
505 3573 920 3677 crimineausiurern,
944 3575 1163 3687 postquam

132 3691 337 3806 suscripta
352 3695 428 3778 rite
444 3691 687 3807 perlegerit,
719 3691 843 3801 siquis
861 3709 1003 3774 notare
1020 3711 1164 3805 potue·
1242 3693 1245 3696 ’

132 3830 170 3919 t,
201 3811 339 3899 omnis
357 3803 556 3901 accusatio
578 3799 763 3924 percusse
786 3801 988 3894 concidet.
1118 3837 1128 3883 ῃ
