2784 4625
195 345 314 408 um
621 301 1093 375 ==·''

198 486 354 604 §edura
367 485 510 600 retingi
530 486 699 600 poterit,
729 481 847 575 simul
866 484 1059 577 indicare.
1095 488 1259 610 Magne

200 626 342 691 eutem
369 601 507 690 talium
534 597 765 709 causarum,
810 606 1018 689 rationum
1042 605 1086 696 dr
1115 603 1257 694 modo·-

200 743 299 816 rum
416 738 463 804 ut
486 716 567 804 hoc
589 718 751 826 praevie
780 743 973 803 moneam
1002 763 1069 823 ·····
1088 724 1258 811 varietas

200 834 279 926 est,
301 828 368 917 vel
387 829 558 943 proipsa
583 827 732 915 harum
757 829 1022 946 reliquiarum
1053 819 1278 939 varietate‘

199 948 350 1060 partim
368 970 444 1058 pro
461 948 652 1033 varietate
667 945 841 1061 ingenii,
870 944 1105 1059 indolisque
1129 948 1261 1036 honri·

201 1062 370 1162 num,in
386 1056 619 1166 abjiciendis
636 1057 906 1148 retinendisve
920 1059 1055 1177 priscis
1068 1061 1260 1170 moribus

202 1170 667 1283 nutritibussnnsprrtes
684 1170 938 1259 hdbentium:
949 1177 1095 1285 partim
1106 1191 1258 1286 provee·
1276 1226 1288 1235 ·-

197 1292 338 1385 rietote
353 1287 741 1400 circumstantiarum
760 1288 1259 1400 temporis,looo'rnm‚&e.

259 1493 263 1501 ,
313 1399 453 1502 Quid,
482 1399 685 1517 quantum
717 1426 771 1488 ue
794 1426 980 1489 veterum
1005 1402 1073 1490 vel
1092 1400 1262 1518 dogrnr·¹

198 1539 314 1617 tuni,
345 1514 414 1604 vel
428 1519 584 1613 rituum
600 1515 671 1604 fibi
687 1428 833 1630 doguli
851 1515 1062 1620 homines,
1093 1534 1259 1634 quoque

199 1631 252 1719 de
268 1628 382 1718 causa
396 1627 662 1719 servaverint:
690 1634 834 1741 ecquis
851 1630 1098 1721 recensebit?
1121 1632 1259 1745 cujus·

198 1769 368 1859 cunque
378 1750 488 1833 eninr
508 1743 846 1858 hominis-religio
865 1746 1031 1857 propria
1044 1747 1258 1945 privnpue,

195 1857 252 1946 'eb
271 1862 457 1948 omnium
476 1858 650 1945 aliorum
666 1858 887 1944 hominum
911 1861 1136 1975 reiigione,
1182 1861 1259 1948 ub*

140 2012 144 2018 ·
199 1972 351 2085 jediva
368 1971 574 2088 quandam
591 1968 971 2083 disserentiodistat3
1003 2000 1077 2062 nee
1093 1974 1200 2061 idem
1217 1969 1258 2066 i'n

198 2087 295 2189 hoc,
323 2089 397 2204 qui
412 2090 453 2172 in
468 2085 540 2173 illo
555 2086 613 2175 est
628 2086 908 2201 religiosarum
922 2091 1176 2208 opinionum..
1186 2115 1261 2177 nu·

154 2244 158 2250 ·
198 2183 399 2294 merusdr
418 2200 582 2288 modus.
623 2229 627 2234 ·
753 2221 756 2230 “

207 2370 210 2375 ·
315 2318 546 2433 Nunquam
579 2340 749 2402 ornnem
787 2312 1082 2431 religiosarum·
1101 2319 1260 2430 opinio·

200 2459 304 2523 num
320 2431 584 2560 complexum
609 2429 727 2517 simus
752 2431 795 2522 δι’
817 2427 937 2519 semes
962 2431 1013 2519 ab
1037 2431 1259 2521 hominurn

124 2572 126 2577 ’
199 2547 341 2660 aliquo
362 2545 504 2656 abrici3
541 2567 763 2657 totumque
786 2569 955 2656 repente
976 2544 1142 2658 systema
1166 2568 1257 2633 mua

196 2664 295 2762 teri,
324 2663 425 2773 quin
441 2661 588 2746 veteris
613 2656 692 2745 sive
714 2657 944 2774 religionis,¹
974 2659 1055 2744 five
1078 2659 1261 2773 supersti-

196 2778 319 2861 tionis
340 2772 492 2887 aliqnid
519 2771 796 2886 relinquatur,
827 2800 849 2860 a
873 2768 1081 2887 frequenti
1105 2776 1260 2863 constat

196 2891 466 3001 experientia;
492 2887 535 2974 81
557 2886 720 2972 videtur
743 2891 955 2974 communi
981 2909 1157 2991 nature,
1185 2912 1258 2981 aut

195 3001 290 3116 iege
323 3024 394 3088 out
423 2997 714 3107 consuetudine
744 3001 851 3101 fieri,
896 3026 1009 3114 quae,
1047 3000 1255 3114 quidquid

195 3138 349 3217 mutat,
378 3141 453 3230 per
466 3112 671 3200 intervalla
687 3115 731 3202 δι
751 3113 975 3201 succeffivis
986 3115 1176 3201 motibus
1191 3120 1258 3204 ··ite

193 3253 349 3333 mutet,
376 3253 425 3317 ut
448 3254 532 3315 non
554 3231 723 3314 omnino
746 3225 986 3333 difficilest,
1010 3228 1183 3316 adtento
1197 3256 1258 3317 re·

107 3343 111 3352 ’
193 3370 293 3433 runi
343 3342 776 3445 uaeinmundosiunt,
807 3340 1256 3455 spedatoristn'qunvis

193 3370 474 3562 nuendorma,
498 3460 648 3543 veteris
665 3456 799 3544 adhuc
820 3451 967 3544 sormae
985 3455 1122 3546 saitem
1147 3456 1256 3547 levio

192 3574 362 3688 vestigia
382 3569 571 3686 quodam
587 3567 909 3682 deprehendere.
986 3626 989 3633 ·
1252 3610 1255 3617 ·

243 3692 251 3731 ·'
309 3689 499 3775 Retinere
530 3706 667 3771 autem
699 3681 957 3794 sapientiores
985 3688 1106 3771 etiam
1140 3689 1257 3775 viros

141 3882 144 3889 ,
190 3832 244 3895 ex
270 3803 405 3920 priscis
431 3799 791 3914 europinionibus
815 3821 885 3887 aut
908 3799 1095 3887 moribus
1124 3826 1257 3912 quan·

192 3922 333 4073 dopuo
348 3921 524 4012 leviores
543 3915 761 4041 quasdem,
790 3914 835 4006 δι
856 3917 1029 4006 minoris
1048 3920 1256 4115 monlrenti

272 4078 276 4097 ι
393 4120 396 4127 ,
597 4058 600 4063 ·
1098 4054 1145 4122 re
1161 4057 1190 4119 1·
